2744 4298
494 139 638 305 rip-x
688 179 780 254 xrr
1066 197 1151 276 rot

132 339 217 416 dem
241 339 411 426 contulit.
464 387 488 430 a
513 381 564 402 -
593 349 739 441 Ouum,
775 345 915 448 inquit,
943 343 1003 440 (a)
1030 361 1097 416 nos
1128 333 1209 442 poli

120 499 159 551 ⁴„
187 445 414 544 vastitatem,
449 469 591 550 quam,
633 445 748 550 culpis
794 448 1051 551 exigentibus,
1092 468 1208 547 regno

136 605 161 645 „
189 555 311 656 Hung.
351 555 489 628 inuexit
510 551 627 628 feritas
653 561 911 650 Tartarorum,
936 551 1223 650 reformationi,

136 707 161 747 „
191 659 429 756 reparationi,
457 655 656 734 solidatidni
673 683 715 734 ac
728 660 1018 736 corroborationi
1033 656 1139 757 ipsius
1155 681 1210 732 re·
1265 693 1268 700 >

135 807 160 848 n
188 765 253 864 gni
276 801 329 820 -
355 761 570 842 curassemus
592 789 774 866 apponere
797 787 925 840 manus
944 759 1098 849 nostrast
1115 763 1209 836 inter

136 915 160 955 „
188 863 254 942 alia
276 869 405 968 castra,
434 867 628 948 defensioni
656 874 759 972 regni
788 893 971 974 congrua,
1005 869 1043 941 in
1077 885 1206 942 monte

135 1027 161 1068 „
188 970 351 1051 Pelliensr
375 971 459 1077 (seu
481 975 662 1077 Budenfi')
691 975 841 1050 castrum
866 975 1051 1074 quoddam
1075 969 1204 1048 exstrui

135 1135 161 1173 ,‚
187 1075 354 1178 fecimus,
381 1080 554 1157 refertum
572 1081 803 1160 multitudine
826 1083 1019 1158 bominum
1042 1100 1210 1174 numero·

136 1179 229 1269 ose·
257 1193 319 1244 ··'
335 1184 393 1266 De
414 1185 614 1292 monasterio
638 1187 758 1266 deinde
784 1187 964 1292 loquutus,
1004 1182 1120 1262 filiam
1140 1205 1206 1258 no·
1235 1185 1238 1192 ’

135 1336 161 1376 ‚‚
189 1287 315 1389 uram,
330 1289 505 1394 firbiicit,
533 1297 719 1372 dominam
739 1297 1004 1394 Margaretam,
1030 1311 1139 1391 quam
1154 1289 1207 1362 in·

136 1439 162 1480 n
189 1413 244 1470 ter
268 1393 356 1474 alios
379 1393 512 1474 liberos
539 1399 677 1476 nossros
699 1424 744 1474 eo
770 1401 942 1493 teneriori
965 1393 1209 1495 amplexamur

136 1547 164 1591 η
189 1495 339 1600 affeslu,
367 1503 443 1604 quo
472 1507 625 1584 certiora
639 1507 727 1604 piae
757 1521 796 1578 ct
823 1506 926 1580 DEO
952 1499 1101 1602 placitae
1119 1523 1206 1575 con·

134 1648 160 1692 ‚‚
189 1605 396 1685 uersationis
423 1613 461 1684 in
488 1634 529 1684 ea
555 1611 749 1710 primordia
772 1609 1030 1702 cernebamus,
1057 1609 1096 1680 in
1127 1603 1204 1704 ipso

135 1753 160 1800 μ
186 1715 369 1793 coenobio
393 1713 596 1814 posuimus,
622 1719 746 1811 ΠΕΟ,
774 1699 897 1817 quold
921 1714 1041 1809 viuet,
1068 1729 1107 1788 et
1125 1707 1204 1813 glo·

133 1861 159 1904 rr
185 1815 294 1894 closae
316 1822 449 1918 virgini
468 1819 686 1895 seruituram.
714 1855 768 1882 -ι
793 1859 843 1878 -
870 1824 984 1894 Anno
1017 1819 1115 1892 dom.
1146 1818 1205 1889 M·

133 1969 158 2010 ‚,
187 1923 325 2000 CCLV.
358 1927 453 1998 VIII.
479 1919 547 2004 kal.
575 1931 673 2026 Aug.
704 1928 807 2027 regni
830 1929 906 2002 XX.
918 1939 939 1977 ‘⁴
996 1923 1131 1996 Quanti
1149 1943 1209 1995 ve·

39 2081 41 2086 .
132 2045 176 2096 ro
197 2025 284 2104 Bela
307 2027 564 2127 Benedidlum,
592 2032 637 2104 ad
659 2027 907 2130 metropolim,
923 2023 1203 2129 strigoniensem

9 2153 11 2232 ἢ
135 2130 376 2232 translatum,
401 2131 550 2223 fecerit3
578 2159 621 2212 ex
644 2135 925 2234 donationibus,
940 2129 1107 2210 ecclesiae
1123 2131 1210 2206 Stri-

9 2237 11 2314 ξ
132 2239 295 2334 gonienfi
319 2239 462 2340 buis„
486 2243 579 2328 inter
604 2263 695 2340 quos
724 2237 774 2314 est
811 2229 1001 2342 oppidum'
1027 2237 1206 2336 Vadlsert,
1269 2249 1277 2263 “

9 2387 11 2452 ,
138 2363 297 2443 apparet.
350 2352 393 2422 In
416 2347 493 2424 eius
518 2345 643 2422 locum
670 2343 838 2422 sulseslus
862 2345 911 2422 est
947 2349 985 2422 in
1015 2339 1212 2445 metropoli

135 2445 327 2532 ‚Colocensr
355 2455 542 2551 Thomas,
568 2471 675 2530 antea
711 2453 930 2552 praepostus
954 2449 1129 2528 Albcnfis.
1151 2451 1213 2551 (b)

178 2623 189 2682 1
229 2665 283 2742 A.
315 2657 1137 2766 C.1256.Bel.21.Ind.14.rl‘.’16.A.*
1181 2745 1184 2750 ,

233 2881 362 2956 CDVI.
385 2875 623 2958 Benediuum
644 2879 815 2980 strigonii
833 2875 1007 2978 synodum
1026 2880 1099 2960 hoc
1115 2905 1213 2961 anno

139 2981 347 3084 celebrasse,
372 2987 479 3085 cique
507 2979 690 3088 Colorensts
715 2980 1215 3098 archiepiscopifirffraganers

41 3131 46 3138 ·
138 3088 311 3273 pffediffe,
338 3089 512 3166 Peterfius
531 3091 704 3191 perhibet.
732 3094 788 3182 (c)
824 3089 931 3188 Bela,
958 3091 1075 3170 rursus
1099 3093 1214 3172 eccle·

153 3219 206 3272 tae
227 3191 497 3296 strigonienfis,
525 3199 584 3271 cui
606 3195 821 3273 Benedidlus
839 3198 1016 3297 praefinit,
1039 3203 1217 3276 indemni·

140 3305 207 3377 tati
230 3300 478 3399 consulturus,
506 3305 710 3402 proteruiae
739 3304 981 3402 quorumdam
1006 3309 1214 3404 hominurn,
1252 3353 1258 3362 ·

137 3407 175 3486 in
194 3410 359 3484 eiusdem
383 3411 441 3484 ius
461 3405 729 3504 inuolantium,
751 3407 902 3482 mddum
931 3413 1072 3512 posuit,
1114 3415 1216 3490 edito

138 3513 362 3616 diplomate,
389 3513 452 3614 (d)
494 3541 584 3593 anno
613 3512 701 3695 epum.
732 3510 942 3611 M'CCLVL
986 3513 1115 3702 XWI}
1148 3513 1217 3595 kaz

657 3645 680 3693 -1
709 3643 730 3718 3
998 3641 1003 3652 “
1071 3705 1076 3713 ,
1108 3651 1167 3713 am

162 3731 279 3796 —x
663 3775 1222 3804 mm.

44 3931 48 3940 .
188 3871 240 3952 (a)
264 3877 321 3950 Ap·
350 3865 464 3932 Senior.
488 3865 564 3932 Bud.
581 3869 614 3932 S.
642 3889 675 3953 pt
698 3883 767 3932 ror.
812 3865 859 3944 (h)
880 3867 955 3932 His.
975 3865 1025 3930 Cr.
1043 3867 1083 3934 T.
1109 3869 1164 3932 v1.
1192 3897 1222 3956 p.

240 3974 421 4106 13191-239·
460 3953 507 4038 (e)
529 3955 644 4027 Concil.
659 3957 692 4028 P.
708 3951 733 4022 l.
748 3977 775 4041 p.
791 3959 846 4032 gd.
886 3948 935 4035 (d)
958 3959 1020 4039 Ap.
1039 3952 1117 4036 Prey
1135 3956 1217 4062 siler.

264 4085 274 4108 ·
313 4061 371 4125 ·s·
394 4059 465 4121 Ι37·
538 4072 545 4104 ³
658 4071 661 4079 ·
853 4069 856 4078 “

1289 4173 1354 4272 ,Δ
