2744 4298
483 162 788 242 Rssxdixo
881 201 889 223 ι
1046 177 1126 264 433

97 333 271 440 praelium
303 357 388 416 curn
408 339 585 412 ··rartaris
625 338 761 412 initum
802 331 923 424 fuiffer
961 335 1042 442 post
1081 292 1192 442 quod

98 449 348 569 baugariam,
377 443 548 518 omnibus
568 462 778 552 exterorum
803 442 942 521 auxiliis
963 443 1187 542 destitutam,
1215 557 1218 566 Ι
1362 485 1364 572 p

98 575 250 705 rnrpurre
279 548 557 648 vastatorem)
734 565 742 582 ·
1029 619 1038 630 ,
1165 603 1168 612 ·
1362 579 1364 706 p

193 765 493 842 cccuoetvlr.
519 767 603 838 Pars
620 758 679 838 illa
692 765 925 838 Tartarorum
936 819 949 860 ‚
977 785 1071 864 quae
1088 767 1185 846 duce

98 875 250 950 (ladano
282 862 581 945 Tranffiluaniam
608 870 802 966 eradebat,
822 887 928 972 prope
952 865 1187 950 Varadinum

98 987 305 1072 ciuitatem,
332 978 492 1077 Rogerio
515 975 625 1074 teste,
657 972 718 1076 (b)
735 971 859 1074 ſscbito
877 974 1105 1052 aduenerant.
1133 980 1186 1056 Et
1298 1053 1300 1056 .

95 1093 179 1194 quia
201 1090 331 1161 ciuitas
352 1081 498 1170 multum
523 1101 600 1158 erat
627 1087 667 1158 in
686 1078 881 1188 Hungaria
900 1087 1083 1160 nominata
1091 1110 1109 1176 ,·
1127 1112 1189 1161 vn·

95 1193 198 1298 dique
226 1189 308 1269 illuc
325 1185 456 1264 nobiles
474 1227 521 1242 -·
545 1205 787 1264 conuenerant.
843 1187 896 1264 Et
915 1187 997 1265 lieet
1017 1187 1189 1294 episcopus

96 1325 175 1376 enm
204 1293 414 1400 quibusdam
438 1299 616 1371 canonicis
646 1292 774 1370 exinde
800 1296 916 1396 cerff
941 1317 999 1382 etr
1042 1321 1105 1404 ego
1133 1319 1189 1376 ta·

94 1431 175 1484 men
204 1428 282 1478 cum
306 1397 564 1480 remanentibus
592 1423 687 1481 erarrt
713 1396 778 1476 ibi.
807 1437 859 1460 -
919 1423 937 1478 t
973 1425 1079 1504 quum
1120 1430 1189 1481 vno

95 1511 229 1591 dietum
256 1503 382 1608 subito
414 1495 629 1611 adueniffent
639 1533 655 1598 ;
680 1545 734 1568 -ι
757 1507 886 1612 aresiegi
907 1511 946 1582 r'n
969 1505 1121 1608 filnarrt,
1149 1517 1189 1587 in

96 1615 269 1726 quadiu,
287 1629 396 1715 prom
421 1618 541 1712 potui,
568 1607 723 1688 latitaui.
777 1607 855 1714 Ipfi
865 1633 984 1688 tamen
993 1609 1117 1711 subito
1139 1622 1188 1692 ci·

95 1716 243 1804 uitatem
269 1723 464 1820 capientes,
493 1739 528 1792 et
547 1735 614 1820 pro
639 1722 769 1795 maiori
796 1737 900 1816 porte
927 1715 1186 1820 comburentes,

95 1869 149 1892 -
175 1829 322 1928 receptis
330 1819 481 1921 spoliis,
507 1843 583 1898 tam
601 1825 718 1920 viror,
746 1849 850 1928 qnam
863 1825 1050 1924 feminas,
1076 1829 1188 1902 mino-

95 1959 151 2014 ret
182 1953 217 2015 et
257 1933 431 2024 maiores,
458 1929 723 2028 interfecerunt.
750 1965 803 1992 ι-
832 1925 973 2030 Quibus
1007 1933 1187 2030 poneris,
1297 1935 1305 1942 '

84 2037 211 2143 subita
242 2033 369 2112 exinde
388 2031 613 2141 receserunt,
639 2069 693 2092 -·
720 2035 873 2141 erlongo
894 2061 918 2109 a
938 2029 1048 2136 castro
1063 2029 1108 2134 se
1121 2055 1188 2138 per

100 2173 135 2248 5.
157 2139 325 2222 milliaria
343 2134 543 2242 pefieernnt.
569 2147 623 2200 ὲ-
656 2137 710 2218 Et
745 2167 851 2248 quum
879 2137 1039 2238 plurimis
1065 2137 1188 2220 diebus

96 2251 148 2330 ad
174 2244 325 2350 castrum
353 2271 423 2324 non
456 2242 659 2324 accederent
670 2273 688 2338 ,·
713 2285 766 2306 ·-·
804 2245 935 2324 militer
970 2267 1005 2320 et
1037 2245 1104 2324 olii
1118 2263 1188 2318 7-

10 2409 16 2418 ·
95 2355 233 2452 dmnos,
258 2376 345 2458 quae
363 2347 564 2454 manserant
578 2373 683 2430 extra
700 2345 871 2452 castrant,
898 2369 1080 2454 coeperunt
1098 2377 1187 2432 torn·

98 2463 255 2544 maniter
273 2455 447 2538 babitare.
499 2455 551 2533 Er
560 2455 617 2558 stc
633 2465 683 2544 ¹in
708 2483 834 2534 aurora
867 2485 921 2536 eas
959 2457 1105 2535 Tartari
1130 2497 1186 2518 «-

96 2567 323 2661 innodenter,
350 2587 519 2670 magram
547 2557 696 2660 ipfirrnm
715 2579 859 2665 partem
884 2597 938 2624 -
961 2587 1187 2643 necauerunr.

96 2713 151 2735 -
177 2673 250 2769 Et,
276 2663 387 2768 castro
403 2685 471 2768 per
495 2663 697 2740 violentiam
724 2683 911 2768 occupata,
935 2685 1097 2768 ceperunt
1120 2677 1184 2746 mi·

5 2867 6 2872 a
95 2780 176 2858 bites
199 2797 233 2856 et
257 2775 439 2854 canonicas
464 2789 498 2846 et
522 2767 634 2855 aliast
660 2809 715 2830 --
742 2791 776 2848 et
811 2789 876 2872 per
910 2791 1087 2852 tormenta
1122 2775 1185 2850 dn·
1294 2837 1302 2864 ,

5 2893 7 2984 ss
86 2885 246 2990 rifflma,
273 2885 355 2986 quit
379 2875 444 2954 uid
464 2871 685 2972 babuerunt,
710 2903 733 2952 a
756 2881 933 2958 canonicis
952 2877 1184 2979 extorsimnt.
1303 2910 1305 2918 ’

6 2999 8 3084 ζ
97 2991 151 3070 Et
178 2985 263 3097 quio
293 2903 522 3064 carbedralem
559 2979 729 3084 ecelefiam
751 2977 875 3082 subito
903 2987 1039 3060 intrare
1062 2993 1182 3090 neqni-

6 3085 8 3122 b
100 3116 253 3190 uerunt5
277 3099 362 3201 igne
377 3085 552 3192 appufito,
579 3088 748 3168 coeloram
772 3111 807 3164 et
830 3087 1006 3186 dominos,
1034 3111 1069 3166 er
1086 3098 1182 3195 quie-

6 3263 9 3274 .
95 3203 185 3312 quid
208 3221 286 3280 erat
313 3206 353 3280 in
379 3191 535 3300 ecclesii,
563 3190 825 3300 carnbufforunr·
855 3233 909 3254 -
937 3191 1103 3294 Nobiles,
1133 3203 1182 3274 ci-

6 3287 10 3336 ¹
89 3337 179 3410 uer,
218 3306 348 3388 milites
387 3325 422 3384 et
457 3306 619 3377 canonici
645 3323 751 3382 entra
778 3303 959 3380 ciuitatem
994 3305 1035 3377 irr
1061 3321 1181 3405 campo
1306 3327 1315 3342 ·

7 3395 10 3444 ³
83 3420 243 3525 fuerunt
263 3433 378 3490 omnes
400 3445 457 3512 .·'·
480 3405 645 3514 iugulati.
670 3445 723 3464 -
752 3403 828 3483 Nos
856 3433 961 3504 uero,
987 3413 1051 3512 qui
1071 3407 1181 3510 infil-

88 3531 153 3619 ¹nir
179 3529 274 3602 inter
298 3517 486 3624 indagines
511 3509 761 3606 morabamur,
787 3507 829 3588 de
853 3515 947 3588 nobie
959 3515 1096 3621 fingam
1112 3519 1179 3591 ini·

7 3639 13 3770 ἰ
95 3637 221 3712 uirour.
271 3623 414 3703 croire
436 3611 737 3800 deindeflngrrat,
764 3620 957 3720 quomodo
975 3642 1040 3720 per
1057 3621 1180 3696 varios

547 3755 552 3770 ·
671 3747 697 3802 2
1028 3747 1126 3802 erro·
1164 3767 1169 3798 r

8 3825 13 3876 r
97 3877 864 3914 ...---------—--

8 3953 14 4104 J
141 3931 435 4110 (afflictor.
455 3959 495 4023 v.
518 3971 551 4039 p.
574 3926 753 4038 971-98t'·
795 3946 867 4025 tt>
893 3949 995 4016 cum·
1018 3945 1086 4014 Mu
1114 3970 1183 4035 eo·
