2744 4298
237 186 320 278 '476
562 187 592 262 B
620 189 650 260 E
676 179 709 260 is
735 187 771 262 A
824 187 901 262 tv.

180 345 319 456 magno
336 352 492 428 crosna
506 375 742 464 congregato,
769 355 886 432 volens.
898 357 937 431 in
960 351 1064 456 ipfias
1072 349 1275 454 sabstdiaro

187 455 365 552 accedere,
385 457 584 537 intellexit.-
601 507 625 548 „
639 466 740 562 quod
754 463 891 538 Tartari
907 463 1097 536 ciuitatem
1115 461 1272 565 Agpien·

183 613 211 658 „
238 559 311 634 sem
332 559 577 640 destruxerant
591 593 604 654 3
631 571 824 643 hominum
852 605 904 622 -
941 565 1018 642 aliis
1046 561 1272 660 combustis,
1335 615 1336 620 ,

182 719 210 762 „
237 663 313 740 aliis
336 663 457 768 gladio
481 673 708 770 interemtis,
735 671 864 776 spolia,
900 671 1106 749 messurum
1136 669 1272 770 epistt>

160 771 211 867 '‚,
239 771 336 872 piet
361 771 528 851 ecclesiae
549 781 681 854 exinde
712 778 982 880 asportabant.“
1013 773 1269 877 Vndcsarrcens

141 923 151 946 ›
184 876 372 955 audaciam
392 899 466 982 pro·
484 908 540 978 eo,
567 883 678 990 qaod,
708 891 835 988 paucis
868 883 986 964 diebus
1017 881 1154 986 clapfic,
1193 907 1270 957 con-

182 981 337 1092 grefflcm
367 1010 445 1062 carn
469 997 595 1090 paucis
624 1017 738 1068 eoram
768 987 937 1072 tabuerat
961 1009 995 1068 ct
1020 985 1274 1094 praeualacrat

184 1095 307 1170 'contra
331 1114 384 1174 cas
394 1120 410 1186 ,·
452 1097 581 1196 incepit
595 1093 672 1199 post
694 1092 779 1198 ipfirs
809 1125 863 1158 ⁶·-
875 1093 1062 1200 festinare.
1092 1137 1144 1153 -
1191 1091 1272 1168 Hoc

192 1193 342 1304 Tartari
356 1196 609 1301 praescientes,
635 1243 688 1258 --
715 1228 819 1307 qaam
839 1198 1007 1281 baberent
1028 1225 1133 1310 equos
1159 1199 1272 1302 plari·

120 1329 126 1339 ·
161 1323 278 1414 potos,
305 1321 341 1377 et
379 1304 452 1406 ipfi
473 1311 580 1406 pauci
614 1307 836 1412 exsrstercrrtt
864 1348 918 1374 -
944 1347 996 1365 -
1018 1311 1187 1412 ficerunt
1214 1341 1273 1366 -

181 1403 302 1484 ames
320 1429 355 1488 ea
379 1407 532 1512 monstra
557 1438 663 1518 quam
678 1417 860 1518 plurima,
895 1441 935 1490 ea
946 1411 1056 1518 ficper
1080 1436 1182 1518 equos
1210 1437 1275 1486 aa·

183 1533 266 1588 cotos
275 1572 288 1612 ,
315 1535 495 1622 tamquam
502 1517 547 1621 fi
554 1517 659 1625 efflat
681 1520 833 1618 milites,
857 1519 1060 1598 ordinando.
1086 1558 1140 1576 -·-
1165 1516 1275 1594 Han-

139 1643 141 1650 ⁴
182 1621 288 1724 gari,
314 1615 376 1698 Iroc
401 1623 577 1725 uidentes,
606 1645 640 1703 ct
661 1633 865 1729 opinantes,
891 1632 941 1704 eis
969 1625 1111 1730 infidias
1121 1625 1274 1725 fizdies,

183 1743 291 1831 terga
317 1725 492 1808 dederunt.
518 1771 572 1790 -
606 1731 752 1810 Tartari
775 1753 913 1830 aaran,
940 1757 1025 1808 mose
1042 1740 1080 1810 ia
1097 1730 1172 1806 illos
1190 1754 1268 1804 core-

185 1830 291 1932 aerst,
320 1834 397 1910 illos
409 1828 669 1940 sequebantur,
696 1837 825 1914 eosdem
837 1831 1108 1940 prosternendo,
1136 1829 1274 1936 interfi-

183 1936 313 2016 ciendo.
340 1981 394 1998 -··
420 1938 604 2045 Episcopus
635 1963 751 2020 aatcm
778 1967 856 2023 cam
878 1950 1005 2046 paucis
1043 1939 1201 2042 reuersas
1228 1936 1274 2040 cli

191 2039 441 2139 Varadinrem;
466 2071 504 2124 ct
520 2047 739 2154 aliqaaptah
765 2069 862 2126 mora
873 2051 982 2150 fidia
994 2111 1005 2150 ,
1033 2047 1177 2126 collectos
1209 2046 1277 2122 ali·

183 2145 312 2258 qaibas
330 2151 524 2253 militibus,
548 2161 721 2234 transicit
743 2149 975 2257 Danubium,
1001 2176 1043 2233 et
1063 2151 1183 2258 coasts.
1200 2155 1276 2250 ¹(c)

286 2369 567 2448 CCCLXXXIII.
593 2371 842 2449 Varadincnfis
855 2375 966 2477 igitur
981 2367 1140 2471 episcopi
1155 2367 1279 2468 copiis

188 2479 265 2552 hoc
295 2473 370 2549 astu
394 2473 589 2578 dissipatis,
617 2503 734 2578 quum
771 2478 830 2554 alii
855 2499 1006 2581 quoque
1029 2473 1161 2550 lentius
1186 2498 1280 2547 con·

187 2581 362 2670 fluerent3
397 2580 483 2659 Bela
506 2583 637 2663 Pestini
661 2587 798 2660 diutius
826 2585 1004 2680 adhaefit,
1048 2573 1138 2656 nihil
1165 2581 1284 2654 omit-

185 2691 350 2768 tentibus
370 2693 545 2788 Tartaris,
572 2710 616 2766 vt
645 2688 747 2766 illum
771 2689 955 2768 elicerent.
1007 2685 1170 2790 Vgoiino
1198 2705 1285 2759 tan-

71 2837 75 2844 ·
186 2797 276 2870 dem
304 2796 543 2895 adhortante,
569 2803 738 2872 Tartesos
756 2799 800 2872 ad
817 2793 961 2886 fatalem
987 2791 1138 2890 locum,
1162 2815 1283 2892 quern

185 2900 267 3003 ipss¹
287 2903 469 3003 ponendis
500 2903 632 2978 infidiis
668 2898 889 3003 aptiffimum
925 2899 1158 3002 delegerant,
1190 2921 1286 2972 cum

188 3009 306 3108 copiis
337 3006 405 3080 suis
434 3008 646 3111 insequutus
674 3007 734 3083 en
786 3015 931 3110 Locum
951 3003 1057 3080 istum
1074 3006 1286 3106 Gregorius

185 3114 308 3188 Pethb‘
339 3109 500 3192 Modiam
524 3133 655 3211 vocat,
683 3138 795 3214 quem
826 3138 898 3217 ego
927 3137 1045 3214 quum
1078 3107 1288 3211 perlustras-

69 3243 75 3254 ·
184 3216 281 3306 sem3
308 3225 472 3320 comperi
498 3217 699 3296 multorum
725 3219 878 3297 millium
905 3237 944 3296 et
971 3241 1194 3320 magnorum
1218 3239 1290 3292 ex-

79 3332 82 3344 '
111 3367 113 3372 ·
187 3325 367 3400 ercituum
392 3349 564 3426 capacem
588 3323 680 3422 effe,
706 3327 767 3402 cui
790 3329 879 3428 Satio
907 3325 1039 3400 fluuius
1075 3325 1120 3399 ad
1154 3323 1291 3398 orien-

187 3448 290 3530 tem,
319 3433 537 3510 Onodinum
556 3435 602 3508 ad
628 3429 958 3534 septemtrionem,
985 3429 1293 3513 Kereszturinusn

190 3537 237 3610 ad
271 3537 529 3636 occidentem,
568 3541 613 3614 ad
644 3543 833 3616 meridiem
862 3543 980 3643 Baba,
1021 3539 1133 3638 Papi,
1179 3537 1295 3612 Chut

190 3641 345 3729 educet,
407 3642 595 3751 Quamque
615 3667 713 3744 rex,
759 3667 801 3721 vt
834 3644 943 3723 refert
978 3643 1185 3748 Rogerius,
1224 3641 1300 3742 (b)

944 3809 947 3814 .
1076 3745 1239 3860 egrcffies

238 3941 455 4115 ciffi-[fif-
480 3975 520 4038 T·
542 3977 584 4078 V·
608 4003 638 4064 o·
662 3999 845 4070 sabaeo·
886 3981 959 4066 tr)
992 3987 1094 4054 Caro·
1116 3977 1189 4044 Μῑί
1211 3981 1303 4070 Cu»
