2754 4306
216 149 299 232 “4
488 97 1008 249 nmnrnssrt

166 303 205 380 in
219 295 409 398 Cumania,
445 295 691 380 Theodoritum
706 303 865 400 romine,
893 305 956 406 qui
976 303 1077 401 prius
1096 301 1135 372 in
1151 304 1261 374 Hun-

54 483 59 492 ,
165 407 262 505 garis
284 405 537 506 quinquennio
558 409 813 484 Dominieanis
835 405 1002 512 praefuit.
1035 408 1146 480 unod
1175 411 1260 506 qui·

82 515 111 552 ’·
164 513 249 598 dem
275 511 439 612 agendo,
476 535 617 590 nouum
653 513 899 615 episcopatum
942 537 1021 588 non
1056 513 1230 586 condidit
1242 536 1257 597 5

163 609 233 696 sed'
254 633 399 692 tantum
432 623 571 718 veteri,
598 623 662 721 qui
697 615 947 696 Milltouiensts
972 639 1080 693 antea
1109 619 1262 692 diceba·

165 741 250 818 tur,
277 745 420 800 nouum
447 749 585 801 nomen
610 727 764 822 indidit,
800 745 849 803 vt
869 729 1121 820 Cumanorum
1151 723 1261 797 dein·

167 847 254 926 ceps
280 829 473 906 diceretur.
524 830 624 908 Male
644 833 795 933 quidam
824 857 912 907 cum
935 835 1009 906 hoc
1036 826 1254 928 episcopatu

166 929 399 1011 confundunt
424 943 479 1011 Ar
505 937 647 1036 ensem,
672 941 712 1012 ‘m
727 933 898 1014 valachia
920 937 1079 1040 positum
1087 993 1100 1034 ,
1128 951 1167 1008 et
1184 937 1257 1006 Ba·

54 1057 58 1067 ¹
166 1039 399 1140 couicnsem,
424 1039 488 1119 sen
554 1049 768 1120 excitatum.
823 1045 895 1120 Etsi
917 1067 1005 1120 vero
1025 1037 1256 1118 Mrlkouien-

89 1201 118 1233 ,.
168 1143 210 1218 fis
241 1145 469 1248 episcopatus
496 1148 584 1225 olim
613 1173 680 1251 pro
703 1151 833 1227 Siculis
853 1147 992 1226 orestus
1014 1146 1147 1232 suerit3
1163 1146 1255 1246 quia

138 1335 142 1350 1
168 1269 293 1324 tomen
315 1255 355 1326 in
372 1249 561 1332 Moldauia
580 1257 664 1335 situs
688 1274 782 1344 erat;
813 1251 1072 1333 Milkouienses
1092 1247 1258 1350 epistopi

168 1353 429 1456 diplomatibus
457 1365 564 1465 regils
584 1358 767 1462 subscripti
793 1387 870 1442 non
896 1381 1009 1438 erant.
1061 1352 1256 1456 Diploma·

169 1463 200 1534 ti
224 1465 320 1564 regis
342 1467 534 1568 Andreae,
564 1491 641 1570 quo
660 1471 851 1545 Gertrudis
869 1471 1021 1544 caedem
1041 1465 1081 1538 in
1099 1465 1254 1537 Simone
1352 1527 1353 1534 ,

171 1568 266 1644 bano
283 1571 356 1645 hoc
381 1596 480 1648 anno
503 1576 724 1675 vindicauit,
749 1576 964 1652 eius·bonis
987 1575 1120 1674 partim
1142 1571 1183 1642 in
1211 1563 1252 1638 fi·

168 1669 268 1750 scum
294 1675 467 1776 redaffis,
493 1685 625 1783 partim
660 1681 859 1783 Dionysio,
885 1699 1026 1756 tauern.
1059 1671 1255 1778 muglstffiv

170 1778 331 1879 collatis,
371 1785 544 1868 antistites
573 1785 672 1862 'alias
711 1787 848 1864 laudati
877 1783 1170 1878 subscribuntur,
1212 1795 1255 1852 et

167 1883 358 1992 Diorysius
377 1893 588 1995 palatinus,
630 1891 836 1992 Ladislaus,
881 1893 920 1969 C.
946 1887 1092 1970 curialis
1118 1889 1221 1994 regil
1233 1909 1253 1978 1

174 1987 307 2096 Ochus,
341 1997 379 2073 C.
411 1999 556 2078 curialis
580 2005 733 2110 reginae.
765 2003 826 2099 (a)
1101 2051 1103 2056 ·

261 2213 314 2290 A.
346 2211 384 2290 C.
414 2235 528 2308 1229.
555 2215 676 2292 Andr.
705 2237 770 2312 ας.
796 2213 872 2292 Ind.
900 2233 937 2292 α.
965 2207 1004 2292 Ρ.
1035 2229 1094 2306 15.
1121 2205 1177 2282 A.

260 2425 458 2502 CCCLVI.
484 2427 586 2503 Sicut
605 2431 805 2529 Robertus,
831 2430 1052 2531 strigonien.
1080 2423 1262 2524 archiepi-

171 2529 321 2634 scopus,
347 2535 385 2612 in
408 2534 565 2609 ethnicis
593 2539 774 2630 Cumanis,
789 2539 835 2612 ad
862 2533 991 2610 Christi
1016 2531 1126 2606 fidem
1144 2531 1263 2604 addu-

173 2642 299 2714 cendis
310 2665 324 2726 3
360 2641 412 2716 itt
441 2641 649 2718 colocensis
679 2646 839 2746 Vgrinus
866 2647 907 2716 in
939 2638 1130 2714 haereticis
1153 2637 1261 2710 Pata·

83 2805 84 2814 κ
173 2748 271 2830 renis
295 2745 341 2820 ad
367 2745 481 2822 finum
504 2745 670 2826 ecclefiae
686 2749 926 2845 reducendis,
954 2743 1111 2822 sedulam
1128 2765 1172 2818 ac
1190 2743 1264 2814 vti·

94 2894 100 2905 ¹
169 2850 244 2934 lem
271 2853 518 2952 opercmhoc
542 2873 706 2955 tempore
729 2857 888 2930 nauauit.
950 2850 1170 2952 Episcopum
1196 2845 1262 2923 illc

26 4147 101 4238 ’Δ

172 2959 447 3032 Theodoritum
475 2983 519 3034 er
546 2962 622 3035 ord.
650 2963 772 3036 Praed.
789 2961 966 3034 Cumanis
984 2979 1082 3030 anno
1100 2953 1262 3053 superio·

173 3085 213 3138 re
236 3063 357 3147 dedits
373 3085 382 3098 ··
399 3063 608 3166 episcopum
642 3069 703 3159 hic
730 3091 872 3142 nouum
898 3067 937 3138 in
967 3059 1146 3140 Sirmienst
1174 3081 1265 3160 pro·

171 3171 294 3244 uincla
326 3169 565 3246 Bosnenstbus
603 3172 795 3248 haereticis
828 3193 1019 3273 opponere
1050 3164 1187 3242 voluit:
1216 3185 1263 3238 ac

174 3279 333 3378 primum
367 3275 518 3375 quidem
549 3301 614 3377 per
645 3275 779 3356 litteras
810 3279 907 3377 apud
939 3275 1163 3375 Gregorium
1196 3273 1262 3350 lX.

174 3383 269 3482 egit,
296 3400 338 3454 vt
367 3405 506 3458 nouum
534 3384 628 3457 intra
653 3382 788 3460 limites
814 3383 893 3458 suat
925 3377 1093 3458 dioecefis
1123 3373 1267 3478 episto*

175 3489 303 3586 patum
331 3489 468 3586 erigere
502 3487 564 3562 srbi
588 3485 732 3568 liceret:
758 3509 839 3564 tum
865 3491 976 3564 etiam
1005 3511 1046 3561 ea
1070 3485 1117 3558 de
1141 3482 1265 3562 caussa

176 3589 392 3690 pontificem
410 3589 585 3692 aceefflt,
613 3599 702 3708 qui,
720 3619 766 3672 ne
794 3615 870 3672 tam
922 3597 1031 3668 rande
1065 3593 1268 3694 negotium

177 3695 500 3799 praecipitaretur,
527 3723 592 3800 per
611 3619 967 3782 Tranlffluaniensem
991 3719 1029 3774 et
1044 3699 1276 3776 Tsanadieu·

1134 3802 1215 3888 sem

190 3969 193 3976 ι
218 3999 269 4084 (ι)
289 3985 364 4068 illst.
382 4003 437 4075 Cr.
452 4007 494 4072 T.
511 4015 548 4074 V.
566 3983 782 4096 psit-2534.
