2738 4304
458 241 737 316 ovxut
1048 265 1178 340 52·

2 497 3 500 ,
52 423 105 494 cis
136 413 320 492 scelerum
345 415 497 490 iustitiae
525 415 791 490 documentum
823 409 1055 514 popularibus
1082 415 1157 486 cdi·

2 571 3 620 ;
53 545 189 619 tanus,
218 525 349 621 Copae
367 523 520 596 cadauer
541 517 796 619 quadrifariam
815 521 928 592 diuidi
944 516 1057 620 pallus
1074 519 1124 593 est
1135 545 1148 606 5

2 661 3 718 l
54 651 172 728 utque
202 649 324 702 terror
348 626 455 701 latius
481 625 705 728 spargeretur
714 649 727 711 5
755 647 863 698 vnam
885 623 966 698 seen
988 627 1152 726 corporis

56 755 203 834 partem
229 737 489 835 strigonium,
516 729 665 805 alteram
700 731 961 829 Vesprimium,
1003 735 1146 804 tertiam

2 853 3 932 j
56 841 292 934 humum,-
319 857 485 938 quartam
513 839 551 910 in
576 830 872 910 Tranlliluaniam
906 838 1026 934 mitti,
1067 859 1150 936 por·

1 939 5 1012 l
53 949 178 1045 cisque
207 948 406 1018 ciuitatum
432 939 547 1043 affigig
593 939 670 1014 non
699 945 773 1014 t‘am
802 937 920 1039 inille,
972 965 1083 1044 quam
1107 963 1153 1014 cx

53 1046 214 1126 aliorum
242 1051 394 1124 conlilio
417 1049 584 1149 permifit.
615 1049 674 1140 ()
720 1061 727 1080 '

356 1215 409 1289 A.
434 1213 598 1329 ‚C'999·
626 1209 793 1316 Stephani
820 1236 856 1312 3.

156 1365 233 1437 LV.
280 1367 316 1435 S.
340 1362 580 1463 Stephanum,
632 1364 788 1439 hostium
822 1381 921 1440 metu
956 1361 1155 1466 liberam,

62 1479 215 1544 omnem
241 1491 356 1566 porro
383 1490 557 1543 conatum
583 1493 629 1544 eo
658 1471 862 1568 conuertit,
890 1487 931 1544 vt
969 1495 1153 1547 armorum
1267 1509 1272 1516 ·

64 1595 202 1648 terrore
231 1571 401 1647 subactos
430 1572 625 1676 populares
650 1575 730 1650 suos
756 1577 802 1650 ad
833 1574 1081 1652 detestandum
1108 1603 1150 1652 ac
1253 1572 1255 1580 ’

63 1679 313 1754 abiiciendum
338 1681 503 1755 inanium
531 1679 800 1758 fimulacrorum
825 1680 986 1778 cultum,
1013 1707 1150 1758 veram-

66 1806 137 1886 que
171 1784 307 1858 Christi
336 1783 553 1888 religionem
584 1779 903 1898 amplctieirdam„
938 1787 1147 1862 adduceret.

65 1894 145 1966 Pias
161 1889 375 1986 industrias,
404 1895 536 1989 quibus
561 1895 598 1966 in
628 1917 709 1968 eam
736 1917 814 1968 rem
837 1893 920 1968 vsus
946 1889 1022 1988 est,
1067 1893 1149 1964 Car-

65 1997 221 2070 thuitius
249 1993 323 2071 fuse
355 1995 530 2072 describit.
562 1997 622 2096 (b)
661 2005 720 2098 Er
749 2001 792 2072 iis
821 2017 991 2100 apparet,
1037 2017 1148 2096 quarn

62 2099 278 2203 imperfeeia
308 2109 567 2204 Hungarorum
594 2103 780 2180 conuerfio
807 2102 868 2178 sub
899 2101 1000 2180 Geisa
1024 2099 1148 2189 fuerin

63 2203 389 2308 quamdifficile'm
428 2212 467 2283 in
501 2213 572 2286 hoc
608 2215 758 2312 negotio
791 2213 1016 2310 prouinciam
1051 2209 1152 2308 patei

69 2309 377 2414 lilio'reliquerit5
404 2339 515 2416 quam
533 2320 664 2390 merito
685 2323 718 2388 S.
737 2319 962 2414 Stephanus,
990 2319 1054 2416 qui
1072 2334 1149 2391 tar.-

65 2439 145 2493 tum
171 2421 213 2493 in
240 2443 326 2494 vera
340 2419 516 2523 religione
537 2423 768 2524 propaganda
795 2419 1073 2520 stabiliendoque
1090 2423 1150 2494 de·

66 2525 279 2621 sudauerat,
316 2524 501 2628 apostolici
525 2529 620 2630 regis
650 2525 928 2628 appellationem
955 2523 1147 2603 abstulerit.

67 2627 266 2732 Postquam
289 2647 433 2730 autem,
462 2629 541 2734 poll
569 2633 749 2733 impensos
769 2633 1025 2709 conuertendis
1049 2637 1152 2702 Hun-

68 2738 160 2836 gar'u
186 2735 331 2810 labores
357 2734 597 2840 apostolicos,
641 2731 869 2815 laetillimum
911 2737 1047 2839 ubique
1082 2733 1155 2808 lru-
1264 2726 1270 2745 ¹

69 2839 168 2914 &um
189 2845 385 2941 prouenire
409 2839 549 2920 vidiffet
556 2869 570 2932 3
598 2861 782 2921 maturum
805 2845 877 2917 iarn
904 2867 945 2918 ac
973 2859 1149 2943 opportu-

72 2969 160 3020 num
187 2949 264 3022 hoc
286 2969 432 3050 tempus
457 2945 527 3025 elle
547 2949 710 3049 censuit,
738 2973 814 3049 quo
832 2945 1020 3022 consilium
1044 2949 1155 3019 Otto·

71 3055 127 3126 nis
153 3049 317 3154 expleret
329 3079 342 3140 5
384 3058 423 3128 in
457 3063 573 3129 certas
600 3058 789 3154 portiones
824 3077 975 3126 omnem
1008 3057 1155 3148 ilunga-

69 3159 157 3230 riam
186 3159 447 3234 discriminetet
458 3185 471 3247 5
509 3163 664 3234 idoneos
699 3152 845 3258 ungulis
879 3154 1073 3254 episcopos
1109 3173 1149 3224 ac

68 3261 226 3363 pastores
255 3264 457 3368 designaret
470 3291 484 3354 5
525 3289 654 3340 eorum
675 3261 993 3340 confirmationem
1020 3283 1060 3335 ac
1099 3281 1153 3331 re-

4 3375 6 3452 l
70 3371 167 3468 giam
207 3393 386 3446 coronam
418 3371 462 3445 ab
498 3367 693 3472 apostolica
719 3367 799 3444 sede
826 3363 1029 3468 postularet.
1082 3361 1152 3438 Im·

68 3481 246 3576 peratoris
271 3498 387 3554 wan
410 3477 584 3580 praedioli
641 3481 732 3553 'atia
756 3491 790 3550 et
825 3469 989 3569 hortatu,
1033 3471 1154 3545 scribit

74 3582 268 3660 hicmarus
275 3641 287 3682 ‚
319 3583 378 3680 (e)
422 3605 531 3690 gener
562 3501 731 3681 Hegrlrici,
768 3579 864 3658 ducis
891 3575 1154 3669 Balarorum,

78 3683 188 3764 War'c
217 3695 347 3786 (ante
383 3689 603 3787 baptismum
632 3691 767 3764 hocs.
797 3687 984 3787 Stephano
1019 3703 1156 3756 nomen

553 3797 591 3868 D
620 3820 642 3894 3
1012 3793 1106 3882 erat)

584 3933 1158 3970 W

105 4027 155 4108 (a)
197 4025 275 4090 nra
288 4026 363 4094 ene
380 4031 460 4098 nne.
479 4036 510 4120 p.
532 4043 719 4116 τος-7η.
740 4025 949 4110 (iwerin.
970 4041 998 4103 p
1026 4035 1097 4100 ιη.
1118 4011 1164 4092 (τ)

160 4110 349 4180 aanor.
370 4108 429 4183 tv.
865 4140 872 4159 ι
