2744 4298
199 152 276 233 ςῳ
420 128 1040 208 Lnnrsnnvs1e

266 303 318 380 A.
351 302 534 399 ίῖἰαρο.
560 301 651 382 Led.
680 316 742 395 18.
769 301 849 382 Ind.
877 325 915 402 3.
942 303 980 380 P.
998 305 1045 380 ¹2.
1072 302 1126 378 A.
1204 411 1207 421 Ι

241 480 454 572 ΟΒΧΙΝΙΙ.
479 493 658 573 sncolaus
671 501 733 574 Ν.
752 463 965 600 grruissimis
981 491 1104 568 verbis
1119 489 1246 566 redar-

142 606 227 708 guit
248 597 478 702 Ladislaum,
506 604 567 698 (a)
597 607 700 706 quod
753 625 889 708 aganos
913 593 1038 676 eontra
1052 593 1181 702 fideles
1195 603 1240 674 ire

141 735 282 790 numero
307 716 418 818 grani
443 717 482 788 in
505 735 657 820 regnum
678 630 789 816 r'pssnn
815 707 976 788 inducere
993 729 1062 782 reon
1090 721 1242 808 expaue-

141 823 218 914 rit,
244 855 298 876 -·
326 814 429 892 XIII.
456 814 524 893 kal.
559 821 655 896 Iunii
683 838 781 922 pont.
814 844 875 894 an·
912 807 978 892 III.
1032 811 1144 886 uuod
1167 813 1242 886 Le·

144 921 279 1000 dislaus
305 919 423 999 fenne
458 924 630 1023 videtur,
658 945 702 1001 vt
735 949 863 1001 eorum
898 943 1009 1021 opera
1045 911 1234 990 licentiam

141 1027 310 1128 suorum,
338 1033 403 1132 qui
417 1025 592 1104 'debitam
612 1035 692 1134 regi
715 1031 960 1108 reuerentiam
993 1049 1036 1099 ao
1061 1024 1239 1098 obedien-

144 1139 237 1212 tiam
263 1157 468 1236 exuerunt,
515 1157 714 1214 coerceret.
768 1138 877 1212 Vnde
904 1131 1105 1236 palatinum
1141 1153 1239 1230 quo·

144 1267 218 1344 que
243 1247 483 1340 saracenum,
510 1242 608 1320 sacro
642 1263 769 1346 tamen
806 1243 909 1321 fonte
941 1241 1020 1314 iam·
1039 1234 1239 1331 ablutum,

142 1345 340 1425 constituit.
396 1355 498 1426 Quae
512 1374 569 1426 res
582 1375 700 1452 quum
714 1353 922 1456 Hungeriae
939 1365 1108 1449 proceres
1118 1343 1240 1417 acrius

142 1451 289 1544 vffiffet3
335 1455 542 1532 Ladislaum
579 1460 678 1560 apud
709 1458 924 1561 pontificem
958 1449 1238 1546 accuseucrint,

142 1561 240 1666 quast
263 1585 351 1638 cum
378 1569 529 1666 paganis
557 1571 596 1642 in
626 1557 844 1673 dispendium
868 1561 959 1668 fidei
997 1580 1032 1636 et
1068 1561 1239 1633 extermi-

143 1675 246 1746 nium
274 1679 378 1780 regnr'
402 1663 716 1775 horrendofoedere
729 1675 852 1775 fuerit
874 1668 1084 1752 conrannn.
1113 1668 1237 1736 Quam

144 1777 296 1878 quidem
320 1779 613 1856 criminationem
637 1796 697 1858 tot
728 1781 965 1872 donationes,
1003 1768 1155 1848 ecclesiis
1187 1769 1235 1842 ad

143 1885 291 1958 obitum
319 1908 435 1986 vsque
452 1881 587 1986 fabiae,
614 1885 694 1962 satis
722 1884 900 1988 superque
921 1877 1104 1957 refellunt.
1154 1875 1235 1946 Tri·

99 1997 102 2006 ’
144 1987 235 2064 stem
259 1989 449 2066 miserandi
471 1993 566 2092 regis
586 2015 716 2067 necem
731 1993 929 2070 Turotzius
953 1991 1006 2062 ita
1025 1983 1157 2060 refert:
1173 1976 1237 2078 (b)

144 2093 226 2174 Rex
252 2123 343 2174 enno
366 2095 454 2176 done.
480 2099 666 2186 MCCXC.
679 2101 783 2200 feria
810 2099 856 2175 II.
879 2099 1049 2198 proxima
1073 2109 1157 2166 ante
1170 2089 1233 2190 fe·

136 2199 235 2308 stem
264 2201 301 2278 S.
325 2203 555 2312 Margaritae
585 2203 628 2282 V.
653 2206 707 2280 M.
727 2225 835 2309 prope
859 2197 1013 2305 castrum
1040 2187 1233 2299 Kerersneg

145 2305 192 2386 ab
210 2305 294 2411 r'pfir
323 2309 512 2410 Cumanis,
541 2309 663 2412 quibas
688 2307 919 2412 adhaeserat,
947 2303 992 2410 est
1029 2296 1236 2402 mistrabr'lr'·

144 2437 200 2494 rer
234 2415 449 2516 interfecirn.
517 2413 773 2494 Haselbachius
810 2419 970 2519 primum
1010 2405 1234 2500 Chanadini,

146 2523 280 2596 deinde
300 2521 471 2603 Varadini
490 2518 669 2622 sepultum
685 2523 784 2600 fuiffe
802 2525 926 2600 tradit.
952 2521 1007 2616 (c)
1034 2525 1152 2594 Natus
1169 2535 1232 2584 an·

144 2653 197 2704 no
222 2639 336 2706 1262.
363 2653 520 2730 regnum
550 2628 752 2732 auspicatus
776 2628 947 2732 Augusto
969 2623 1089 2702 mense
1117 2638 1234 2713 1272.

146 2738 315 2809 nondum
343 2739 469 2810 aetatis
493 2747 558 2823 28.
582 2741 687 2838 regni
719 2750 780 2824 18.
810 2760 949 2812 annum
976 2727 1134 2834 egreffus
1157 2722 1235 2819 est,

147 2867 263 2941 quum
282 2839 406 2917 infelix
421 2867 485 2918 rex
504 2845 644 2918 crudeli
659 2843 734 2920 fato
752 2841 909 2924 sublatus
930 2841 981 2919 est
1004 2861 1100 2913 anno
1121 2851 1237 2924 1290.

146 2951 204 3022 die
226 2971 288 3026 10.
310 2943 400 3023 Iulii.
428 2953 710 3046 Perturbatum,
737 2975 783 3026 eo
804 2969 1001 3052 regnante,
1027 2938 1237 3042 Hungariae

143 3052 274 3130 statum
297 3059 493 3130 Turotzius
512 3059 564 3129 ita
587 3057 772 3157 depingit:
804 3055 991 3158 Coeperunt
1019 3060 1058 3132 r'n
1087 3075 1128 3126 nr
1151 3049 1240 3120 inre·

137 3155 239 3262 stine
260 3159 349 3238 bella
370 3161 594 3270 consurgere,
621 3167 785 3240 ciuitates
813 3165 1016 3270 confringi,
1042 3157 1146 3238 villae
1171 3169 1238 3253 prr

147 3261 391 3370 combustiones
427 3269 479 3348 ad
502 3263 653 3346 nihilum
689 3267 817 3375 redigi.
843 3313 897 3329 —
935 3273 1082 3366 Nempe
1109 3277 1237 3335 tenera

145 3377 250 3476 pueri
269 3379 364 3477 regis
390 3395 508 3451 aetate
537 3393 795 3476 praepotentes
824 3379 974 3477 quidam
995 3391 1163 3475 proceres
1180 3361 1243 3438 ab·

144 3478 215 3581 ufi,
242 3505 365 3582 neque
392 3502 484 3556 tunc
511 3484 557 3556 ad
580 3477 743 3556 officium
760 3485 888 3558 reduci
906 3497 1095 3585 poterent,
1121 3493 1239 3575 quum

142 3589 216 3670 iam
241 3593 269 3662 is
291 3585 511 3666 adoleuiiset.
566 3591 657 3663 Non
678 3583 873 3670 defuerunt
891 3607 1017 3666 tamen
1045 3581 1176 3677 multi,
1193 3580 1242 3652 de

1072 3691 1189 3792 patrie

147 3845 529 3874 n--u------

189 3931 255 4017 (ρ)
278 3935 335 4018 Ap.
357 3939 457 4020 Rayn.
479 3939 581 4003 sdan.
610 3959 702 4024 repo.
724 3943 765 4008 N.
788 3959 840 4026 ῃ.
887 3939 956 4024 (l)
989 3940 1104 4008 chron.
1129 3941 1165 4010 P,
1193 3937 1238 4014 Π,

242 4037 306 4112 erp-
336 4035 387 4090 8¹·
431 4021 478 4110 (c)
495 4027 554 4106 Ap.
575 4027 618 4093 H·
636 4027 819 4100 rens-11.
836 4027 896 4100 eoi.
912 4030 986 4116 7⁶³·
