2748 4300
167 149 284 280 ἀπ’
447 135 964 284 cono'nnnvs
1081 239 1086 254 ·

140 371 249 457 euers
268 377 426 456 *fuissent
481 368 549 454 Et
564 381 652 479 quid
666 382 687 464 l,
721 381 861 458 adeone
900 352 1147 488 negligentem
1177 409 1217 466 et

140 489 322 562 incuriurn
347 483 444 560 fuisse
470 491 504 558 S.
528 482 731 558 Ladislaunr
754 488 1055 588 existimabimus,
1072 511 1132 590 vt,
1153 499 1217 596 qui

140 601 274 668 nouam
300 589 538 691 episcopalem
566 593 772 664 cathedram
796 597 992 682 excitauit}
1020 599 1085 698 qui
1117 621 1219 675 vete·

139 721 196 794 res
224 692 441 795 ampliffit'nis
473 691 724 796 largitionibus
758 693 1016 798 locupletauit,
1061 705 1126 803 qni
1158 703 1218 780 sua
1251 705 1255 728 ¹
1313 718 1318 724 '

141 805 275 902 cuique
301 806 379 876 iura
396 803 574 893 reddidit,
602 823 643 874 ac
672 825 755 876 cum
772 803 899 904 insigni
916 805 1022 880 laude
1046 805 1215 903 iustitiam

138 905 418 1004 administrauit,
458 904 616 1002 fundos,
661 929 754 1006 quos
787 907 951 988 ecclesiae
981 914 1149 987 Nitriensr
1180 920 1217 999 S.

138 1016 342 1114 Stephanus
373 1009 554 1087 addixisse.
572 1015 813 1111 praetexitur,
845 1017 1039 1116 iniquitate
1075 1037 1216 1118 tempo·

136 1144 218 1194 runa
252 1116 420 1216 auulsas,
460 1141 537 1217 pro¹
559 1117 659 1216 regia
683 1117 857 1217 potestate
888 1143 966 1195 non
991 1121 1214 1198 restituerit?

137 1232 227 1302 Non
255 1225 364 1324 igitur
384 1220 454 1297 vlla
474 1219 681 1310 verosimilis
703 1229 794 1299 ratio
814 1224 964 1331 proferri
987 1227 1126 1329 potesta
1145 1253 1212 1304 cur

136 1327 360 1429 episcopatus
395 1326 604 1424 Nitriensss‚
647 1328 731 1404 fis,
766 1333 991 1430 Stephanum
1028 1329 1225 1409 audorem·

55 1449 61 1458 ·
136 1435 283 1540 habuit,
310 1437 356 1509 ad
379 1437 471 1537 regis
496 1455 611 1535 vsque
640 1430 837 1512 Colomani
857 1455 1023 1538 tempora
1045 1437 1227 1516 restaura·-

133 1557 192 1618 tus
215 1563 291 1614 non
311 1539 428 1618 hieria.
456 1542 514 1639 (a)
1148 1541 1154 1547 “
1183 1577 1186 1586 ’

188 1763 194 1778 ’
265 1749 386 1860 40.
416 1773 528 1832 1101.
559 1749 629 1828 Col.
655 1749 795 1831 olna.
821 1751 924 1875 923
951 1774 1014 1834 11.
1040 1757 1101 1833 A.‘

227 1973 393 2052 CLXXX.
417 1967 611 2068 Peterhus,
639 1967 885 2047 Colomanum
910 1966 1030 2068 plures
1048 1965 1233 2047 eunuco.

130 2105 191 2162 tus
222 2088 316 2157 inter
347 2097 462 2162 annos
492 2085 606 2170 1096.
639 2093 678 2151 et
713 2097 829 2174 1104
857 2071 1038 2171 habuisse,
1065 2079 1211 2177 censet,

27 2193 49 2247 ’Δ
129 2190 191 2289 (b)
218 2213 260 2264 ac
288 2181 476 2259 Albricum
503 2179 664 2278 decreta,
689 2185 803 2260 variis
840 2186 945 2288 regni
983 2181 1208 2261 conuentibus

122 2293 295 2401 probata,
338 2297 377 2371 ia
411 2285 494 2364 duos
523 2284 631 2388 libros
661 2293 827 2364 contraxi
856 2311 885 2362 e.
952 2285 1046 2358 Mihi
1085 2305 1209 2362 tarnen

127 2399 424 2492 constitutiones,
468 2394 511 2466 ab
536 2393 686 2468 Albrico
712 2387 804 2466 colle
841 2413 907 2488 ae,
949 2393 1105 2464 duorum
1134 2411 1212 2466 tan·

125 2528 206 2582 turn
235 2507 466 2581 comitiorum
503 2523 596 2599 opus
633 2493 731 2574 soille
765 2487 946 2572 videntur.
997 2497 1081 2569 Nec
1109 2497 1207 2570 enim

54 2653 56 2662 ·
126 2611 193 2687 alia
218 2615 264 2688 de
294 2603 409 2686 caussa
437 2623 511 2680 tarn
536 2601 764 2704 inaequalem
788 2605 977 2703 utriusque
1001 2595 1082 2674 libri
1100 2605 1206 2702 patti-
1307 2626 1310 2630 ·

125 2723 263 2795 tionem
299 2713 468 2792 Albricus
498 2729 585 2786 erat!
608 2705 764 2784 facturn
778 2751 800 2807 ,Δ
833 2725 875 2781 vt
902 2710 1038 2807 primus
1073 2719 1133 2804 84
1161 2705 1208 2784 se·

124 2827 266 2900 cundus
292 2844 351 2919 15.
378 2821 568 2892 dumtaxat
588 2813 764 2916 capitibus
800 2812 1030 2900 desiniretutr
1059 2813 1124 2887 nili
1141 2837 1208 2916 pro

122 2935 263 3008 tatione
290 2925 522 3002 comitiorum
546 2919 656 2995 libros
673 2933 829 3023 quoque
841 2922 1072 2996 decretorum
1089 2919 1209 2996 distin·

123 3061 235 3138 gnere
254 3028 430 3110 voluisses
483 3028 606 3100 ouum
627 3041 750 3100 autem
769 3051 957 3127 nusquam*
970 3047 1085 3100 annus
1105 3045 1206 3102 nata·

67 3141 70 3146 ’
121 3139 164 3216 lis
183 3139 327 3218 alterius
350 3135 427 3212 libri
454 3135 682 3208 decretorum
710 3131 888 3233 expressus
918 3131 1090 3205 habeatur
1101 3155 1115 3215 3
1137 3131 1208 3230 pri·

116 3271 211 3344 mo,
238 3249 341 3322 cuius
374 3239 556 3342 epocham
587 3239 704 3313 codex
734 3239 822 3314 iuris
848 3238 961 3342 patrii
985 3231 1104 3305 statuit
1144 3255 1204 3306 an·

121 3375 212 3428 num
237 3373 349 3427 1100.
370 3343 477 3422 libuit
497 3339 603 3417 istum
628 3341 854 3445 subiungere.
907 3341 1006 3412 Nant
1031 3339 1133 3410 annis
1154 3333 1203 3410 se·
1233 3403 1267 3436 ·‚

112 3457 319 3557 quentibus
336 3461 456 3530 1102.
481 3466 519 3521 et
541 3469 654 3544 1103.
672 3446 896 3528 Colomahus
917 3441 1095 3516 Croaticis
1118 3438 1204 3516 Dal·

120 3566 337 3663 maticisque
365 3559 474 3633 rebus
493 3555 550 3627 ita
565 3551 825 3651 distinebatur-,1
842 3567 883 3624 vt
905 3541 1069 3624 iisillutn
1088 3550 1202 3621 corni·

91 3725 94 3730 -
121 3673 170 3745 tia
188 3663 395 3758 celebrasse,
421 3657 590 3734 credibile
618 3683 696 3733 non
713 3656 775 3733 stt.
827 3659 911 3731 Nec
938 3651 1030 3728 vltra
1064 3649 1212 3726 differri,

123 3773 245 3876 legum
272 3769 406 3844 natales
427 3759 542 3865 polle,
571 3781 671 3865 patet
702 3785 747 3838 ex
772 3763 879 3838 obitu
905 3757 1110 3862 seraphini,
1137 3757 1202 3856 qui

451 3925 455 3934 «
820 3887 825 3895 ·
1018 3937 1021 3943 ,
1059 3887 1181 3940 conv

161 4081 212 4166 (a)
233 4075 307 4147 Ibis.
326 4097 355 4162 p.
377 4066 509 4159 71-539,
551 4073 599 4156 (b)
621 4071 740 4136 Concil-
753 4075 787 4144 Ρ.
804 4071 875 4162 Lp.
894 4091 949 4156 4⁰·
1026 4106 1031 4116 ·
1225 4120 1229 4128 .
