2754 4306
229 225 312 318 406
504 219 900 325 Aunnlnns
954 219 1024 296 Η.
1114 287 1116 292 ,

179 411 255 469 non
285 389 414 501 fireritr
441 395 588 493 omnia,
625 419 720 498 quae
752 383 828 469 non
858 415 960 470 erant
988 377 1147 492 ordini,
1178 391 1279 472 exse·

177 502 243 598 qui
274 502 446 598 potuerit.
501 505 628 602 Atque
660 505 760 576 hunc
783 501 995 578 consensum
1025 499 1155 598 suum,
1204 513 1276 602 per

181 605 400 706 Gregorium
430 605 649 684 cardinalem
689 605 758 682 IX.
793 607 858 684 kal.
889 609 963 685 Ian.
990 629 1086 710 pont.
1119 634 1179 683 an.
1233 608 1281 685 X

181 709 383 786 transmifit.
413 717 470 812 (a)
498 717 699 817 Gregorius
717 709 800 807 ille,
829 715 926 790 sedis‘
951 712 1064 815 apost.
1100 711 1274 816 legatus,

180 811 317 918 saepius
345 819 384 890 in
412 825 598 922 Hungaria
626 823 698 896 iam
724 841 829 896 antea
857 820 971 918 visus,
999 843 1101 894 nunc
1134 821 1279 894 iterum

184 941 259 998 tam
285 925 325 996 in
346 928 588 1027 Hungariam,
617 950 728 1028 quarn
758 931 797 1000 in
825 927 1068 1023 Rutheniam,
1095 927 1277 1002 Andreae

182 1033 261 1134 regi
285 1033 355 1106 ia'rn
377 1027 593 1131 subiesiam,
621 1029 741 1108 missus
764 1031 836 1132 est,
863 1053 905 1108 vt
930 1029 1063 1108 scilicet
1078 1035 1279 1136 regionem

182 1135 282 1214 istam
303 1139 349 1210 ad
372 1141 547 1216 unionem
574 1135 742 1215 ecciefiae
771 1141 957 1214 Romanae
982 1141 1188 1215 reduceret.
1206 1136 1276 1238 (b)

287 1287 367 1424 'a
394 1344 566 1438 enon
589 1347 713 1428 Ana.-
733 1369 770 1446 4.
796 1345 873 1426 nr.
902 1371 962 1428 11.
981 1345 1021 1424 r.
1043 1351 1079 1424 r.
1101 1345 1161 1426 Δρ
1192 1353 1194 1364 “
1347 1301 1355 1316 ’

281 1555 502 1640 CCCXXIV.
531 1564 623 1648 Quia
635 1562 744 1640 Belae
764 1563 935 1638 natiuitas
953 1575 1114 1658 occupat
1129 1583 1271 1637 annum

189 1675 304 1751 1206.
339 1688 380 1745 vt
406 1673 480 1746 iam
517 1667 762 1768 ostendimus,
789 1665 1009 1744 Elisabechae
1039 1689 1274 1765 ver01207.

186 1797 230 1852 ut
244 1771 389 1854 annales
403 1777 592 1878 Turingici
610 1774 783 1850 testantur
789 1801 800 1862 3
832 1770 1076 1870 Colomanua,
1095 1775 1272 1850 Andreae
1357 1853 1358 1862 χ

185 1879 304 1982 filius,
331 1901 417 1956 ante
437 1885 546 1958 'hunc
569 1905 707 1956 annum
731 1881 825 1957 nasci
848 1904 926 1954 non
954 1879 1099 1979 potuit,
1126 1881 1269 1954 nedum
1290 1906 1293 1912 ¹

184 1991 379 2088 coronari,
406 1985 466 2066 vel
490 1985 676 2064 salomeae
702 1988 891 2062 connubio
913 1985 1040 2086 iungi,
1067 1988 1170 2086 quod
1209 1991 1272 2062 Ti·

186 2119 299 2190 mon,
326 2098 545 2172 Cromerum
576 2091 767 2194 sequutus,
806 2094 850 2168 ad
882 2094 983 2198 hunc
1009 2113 1146 2166 annum
1175 2091 1272 2168 maie

182 2199 380 2300 configunt.
437 2201 578 2277 Cercius
593 2197 643 2274 est
666 2223 686 2272 e
708 2196 989 2374 diplomatibus,
1016 2198 1273 2300 Margaritam,

182 2307 354 2382 Andreae
382 2311 477 2407 regis
501 2305 673 2400 amitam,
698 2309 805 2381 Bere
840 2301 901 2379 111.
935 2303 1114 2402 sororem,
1143 2303 1272 2382 Geisae

184 2416 227 2488 11.
253 2405 383 2508 filiam,
409 2413 619 2506 Andream,
662 2411 839 2484 comitem
870 2407 1168 2512 Simighiensem,
1197 2435 1272 2486 ma·

175 2519 319 2612 ritum,
346 2521 601 2593 Andronicum
624 2539 712 2592 vero
732 2511 845 2590 filium
874 2513 1055 2603 habuisse3
1083 2517 1157 2599 hoc
1177 2520 1273 2592 item

181 2645 282 2699 anno
328 2623 595 2720 Constantiam,
637 2623 793 2698 Emerici
839 2625 1010 2720 viduam,
1056 2626 1273 2720 Friden'c0,

184 2753 287 2806 nunc
314 2731 456 2807 Siciliae
486 2733 585 2832 regi,
613 2723 770 2832 nupsisse.
802 2733 875 2826 ()Ι
1007 2755 1010 2760 ·
1053 2817 1056 2825 ,

268 2949 321 3028 A.
354 2949 391 3028 c.
422 2973 536 3046 1209.
564 2950 685 3030 Ana.
715 2973 750 3051 ς,
778 2903 855 3032 ni.
888 2977 948 3034 ια.
975 2955 1012 3035 r.
1042 2977 1104 3050 29.
1133 2955 1191 3034 M.
1256 2947 1262 2956 ’

278 3137 476 3216 CCCXXV.
505 3145 690 3220 Andream
708 3149 812 3222 vxori
830 3146 1094 3247 suaeGertrudi
1110 3153 1269 3228 nimium
1354 3221 1355 3246 ,

182 3243 366 3328 addidum
402 3245 521 3344 firisse,
558 3253 712 3326 nimium
746 3249 832 3328 illud
867 3251 1044 3354 studium,
1072 3281 1150 3355 quo
1188 3283 1271 3359 par·
1354 3247 1355 3278 ³

178 3355 247 3428 tim
274 3355 441 3450 Ecberti,
468 3357 739 3457 Bambergensrs
762 3347 937 3460 episcopi,
980 3358 1133 3436 caussam
1167 3368 1269 3465 apud

164 3457 392 3559 pontificem
421 3463 517 3559 egit,
544 3463 676 3560 partim
707 3463 924 3541 Bertoldum
951 3469 996 3542 ad
1024 3465 1269 3545 Colocensem
1353 3507 1354 3540 r

181 3559 423 3664 metropolim¹
441 3569 630 3665 prouexit,
655 3587 776 3669 aperte
792 3573 914 3648 docet.
970 3575 1078 3650 Certe
1094 3578 1273 3652 Theodo·

180 3669 302 3763 ricus,
329 3675 364 3741 S.
388 3666 611 3746 Elisabethae
636 3675 877 3776 biographus,
905 3683 1056 3758 nimiam
1079 3683 1278 3758 Gertrudis

1106 3791 1212 3888 apud

179 3915 757 3952 *unu—..Q

222 3984 562 4164 carilipffbmp
580 3965 624 4077 <rr
646 4001 821 4153 ninere
846 4007 894 4127 n·
914 4007 952 4074 v.
978 4031 1005 4142 p,
1035 4027 1174 4168 ,2572-
1217 4012 1273 4096 (ι)

1149 3943 1275 3962 m

42 4173 122 4265 ἰ
