2744 4298
447 201 800 290 nuxxxtt.
930 228 936 239 ’
1072 231 1163 311 ς33-·

110 425 134 466 n
163 381 286 452 duum
312 397 481 483 tempore
491 384 581 466 sacri
604 385 773 486 concilii,
801 409 866 490 per
889 389 1032 462 vent.
1051 385 1102 460 D.
1120 385 1225 460 Phi-2

109 531 135 572 o
162 479 307 585 lippum
332 487 386 550 ··'·
409 492 448 566 in
484 491 598 571 castro
634 494 788 570 Budenst
816 529 868 550 *-
894 491 1105 588 celebrem·
1131 501 1217 566 nosl

108 637 134 679 o
161 587 305 668 feruore
322 596 524 702 iuuentutis
549 619 675 676 contra
692 598 853 676 nostram
872 594 1022 674 salutem
1040 598 1202 696 acdenfi,

108 755 134 794 ,‚
162 715 201 772 et
234 703 480 798 quorumdam
517 731 715 808 prauotum
740 705 899 783 eonsdiis
930 707 1130 806 deprauati·
1151 698 1219 778 ati·

108 853 134 894 22
163 827 237 904 que
253 801 413 907 sedutti,
438 815 477 886 in
501 799 657 888 nostiam
674 815 750 888 hoc
770 813 892 889 inferri
915 814 1085 888 iniuriam
1104 809 1201 884 aesti-

108 967 133 1007 ‚,
162 930 326 1014 mantes,
353 921 545 996 -iudici
575 941 616 1000 et
647 923 790 996 ciuibus
814 917 1041 1004 nitticeastn·
1055 917 1200 994 Buden-

112 1065 138 1105 n
168 1013 209 1088 fis
228 1014 291 1090 sub
316 1027 488 1122 grauibus
515 1030 645 1128 poenis
669 1029 838 1101 dedimus
860 1029 900 1100 in
927 1025 1131 1119 mandatis,
1158 1039 1201 1096 vt

111 1175 136 1216 „
164 1119 345 1225 praelatos
371 1136 480 1234 regni
503 1131 615 1210 nostri
632 1136 678 1208 de
703 1131 818 1208 castro
845 1131 922 1234 ipso
949 1131 1202 1226 excluderent,

111 1286 136 1324 „
163 1235 422 1340 -quodque
454 1241 505 1316 eis
535 1261 575 1316 et
601 1239 757 1322 familiae
786 1243 1008 1316 eorumdem·
1029 1231 1229 1313 venata·-

108 1393 133 1430 η
161 1354 200 1410 et
233 1339 375 1418 venalia
401 1349 686 1446 prohiberent.“
714 1383 769 1404 -·
794 1353 903 1422 Hunc
935 1367 1060 1422 tamen
1080 1339 1224 1418 'attosti

111 1441 189 1520 sum
212 1449 443 1548 expiaturus,
473 1475 561 1534 100.
586 1477 725 1528 marcas
754 1457 794 1526 in
829 1449 1096 1552 eleemosynam
1122 1465 1204 1548 pet·

108 1571 260 1652 petuam
289 1557 451 1656 addixit,
476 1587 569 1636 anno
600 1558 690 1637 dom.
723 1556 992 1662 Mccttltit
1018 1552 1224 1635 lta-lat.

113 1658 206 1760 Sept.
236 1687 296 1737 an.
325 1669 432 1770 regni
465 1663 507 1744 V
500 1665 570 1744 III.
625 1667 776 1768 Optime
801 1665 1021 1767 propensum
1046 1664 1102 1736 ad⁴
1120 1657 1225 1736 reli-o

111 1767 262 1868 gionem
286 1769 442 1850 Ladislai
475 1777 570 1876 regis
596 1778 758 1849 animum
789 1775 922 1872 partim
944 1776 1036 1847 haec
1060 1765 1223 1870 palinoa.

111 1873 191 1968 dia,
217 1878 349 1973 partim
373 1874 465 1952 illud
495 1879 661 1980 diploma
686 1881 820 1978 docet,
863 1905 939 1982 quo
965 1877 1094 1980 leges,
1138 1873 1200 1948 ad-

109 1977 229 2056 uersus
257 1981 463 2059 haereticos
487 1988 544 2062 ,ab'
563 1985 675 2087 apost.
706 1983 787 2063 sede
805 1983 925 2086 latas,
950 1985 1055 2059 sumn
1087 1983 1128 2057 in
1148 1980 1227 2052 din

59 2114 63 2124 ·
110 2085 272 2160 tionibus
310 2095 530 2192 Hungaricis
566 2093 680 2166 robur
721 2092 907 2168 habituras
943 2091 1113 2192 spondet.
1137 2087 1227 2182 (adl
1289 2165 1293 2176 ,

111 2188 289 2270 Plurimus
314 2213 414 2271 certe
438 2199 658 2280 donationes
682 2200 723 2273 in
749 2201 827 2300 pias
861 2197 997 2276 cauffas
1017 2217 1106 2270 -tam
1138 2191 1230 2266 'ille‘

111 2296 185 2373 hoc
214 2323 313 2376 anno
339 2301 454 2401 fecit,
480 2329 592 2408 quam
612 2307 690 2380 eius
719 2325 834 2381 mater
855 2303 1060 2382 Elisabetha
1108 2321 1222 2402 quael

111 2399 145 2476 se
170 2411 336 2490 maiorem
364 2415 527 2520 reginam
550 2409 676 2520 Hung.
704 2409 872 2517 duciffiam
904 2411 946 2490 de
977 2409 1064 2488 Mac
1106 2437 1141 2485 o
1167 2424 1227 2481 et.

112 2505 152 2584 de
176 2511 296 2592 Bosna
320 2539 453 2612 vocat,
481 2539 517 2592 at
543 2537 687 2616 praeter
711 2517 993 2614 ducatosislos,
1018 2512 1221 2616 Belgeda

110 2615 366 2716 circumfusos,
393 2624 505 2696 etiam
530 2619 740 2720 Scepustum
762 2619 928 2721 possedit
956 2617 1019 2717 (b)
1160 2639 1185 2678 ·¹

217 2855 270 2932 A.
303 2854 341 2934 C.
371 2869 486 2946 1281·
512 2853 603 2933 Lad.
630 2879 672 2951 9·
698 2853 911 2982 Indo-'P-
940 2877 1003 2955 13·
1029 2855 1084 2932 A·
1160 2892 1163 2900 ’
1210 2791 1225 2986 ἶ

207 3095 463 3175 CDXXXVIII.
491 3093 620 3174 Altera
644 3123 797 3200 quoque
815 3093 970 3201 regida,
994 3091 1118 3174 iunior*
1135 3082 1225 3176 Eli-²

108 3203 276 3300 sabaha,
305 3201 522 3280 monasterio
544 3211 589 3283 Β.
612 3209 833 3308 Margaritae
858 3208 904 3282 de
928 3203 1072 3297 ¹Meszes
1092 3207 1223 3311 tribu}

109 3315 139 3386 ti
167 3307 346 3385 zilaienfis
371 3331 576 3410 prouentus
599 3311 759 3411 addixit,
786 3311 842 3414 (τ’)
878 3309 937 3388 vsa
963 3307 1226 3410 cancellarid,'

117 3413 250 3494 Thomu
276 3413 448 3522 Vacienfi.
480 3418 670 3494 Ladislaus
691 3437 842 3519 autem2
864 3443 980 3520 quum
1000 3420 1223 3536 Andream,1

109 3521 325 3626 Agriensem
353 3523 595 3628 episcopum,
625 3525 668 3597 ab
696 3524 848 3601 aemulis
877 3525 1109 3623 accusatum,
1134 3524 1205 3602 for-

109 3633 208 3705 tunis
237 3625 413 3721 exuissem
453 3633 500 3708 de
531 3633 585 3708 rei
606 3632 759 3708 veritate
787 3629 917 3708 melius
944 3629 1120 3734 edostus,
1146 3633 1205 3710 ab·

578 3735 697 3839 Ll3
1059 3735 1154 3816 latos

154 4017 210 4102 (a)
233 4011 309 4102 lbid.
322 4020 366 4081 N.
381 4041 412 4097 9.
454 4020 501 4100 (l)
525 4019 604 4086 Hit.
624 4023 677 4090 Cr.
698 4025 740 4090 T.
752 4019 808 4092 vt.
826 4041 854 4108 p.
875 3983 1061 4104 dapum.⁴
1084 4019 1127 4100 (c)
1148 4025 1204 4104 Ap.
1275 3981 1277 3990 ,
1361 4019 1362 4026 ’

210 4101 385 4176 Eridvalszki
400 4105 510 4176 Miner.
522 4107 630 4172 Trans·
1126 4147 1128 4154 ⁴
