2738 4304
571 193 608 267 D
634 195 668 268 V
693 194 813 266 x.L
960 225 965 236 ¹
1132 207 1178 270 rr

400 329 529 434 Anna
561 353 686 462 cuna
706 359 800 456 884·
831 349 991 436 rumrr.
1029 407 1032 414 ,

251 525 302 598 IX
342 527 465 600 Rebus
487 499 659 604 ¹omnibus
679 531 724 602 ad
755 529 1007 629 migrationem
1039 525 1106 602 rite
1134 536 1259 604 com·'

154 633 312 732 paretis,
338 627 474 729 septem
495 639 753 736 Hungarorum
779 636 913 729 duces,
953 653 1110 733 quorum
1136 653 1235 734 prae·

154 741 287 836 cipuus
313 759 389 810 erat
407 733 557 836 Almus,
586 735 818 842 popularibus
839 737 905 814 suis
920 739 958 812 in
979 735 1113 836 septem
1134 763 1232 814 exer·

154 845 251 918 citus
271 837 485 939 distributis,
512 868 672 943 quorum
690 843 814 944 finguli
829 853 968 940 30857.
987 845 1130 916 armatis
1147 867 1234 918 con·

155 945 320 1042 stabant,
347 947 405 1044 (a)
432 971 478 1022 ex
503 945 585 1024 A'sta
610 948 729 1024 uersus
755 953 939 1050 Europam
960 969 1113 1020 mouent
1136 973 1233 1042 anno

4 1135 25 1146 ν
158 1049 291 1124 Christi
313 1061 400 1148 884
421 1052 479 1152 (b)
503 1057 698 1128 Turotzius
718 1077 854 1128 annum
869 1055 1097 1154 migrationis
1112 1021 1234 1130 statuit

155 1157 290 1234 Christi
310 1177 397 1253 744
422 1161 476 1254 (c)
505 1158 563 1234 sed
587 1183 705 1234 errore
727 1158 939 1244 manifest03
976 1181 1090 1257 quum
1114 1156 1233 1234 nullus

157 1259 389 1336 orientalium
415 1259 475 1337 vel
501 1263 779 1340 occidentalium
807 1264 1018 1362 scriptorum
1054 1265 1234 1365 migratio·

157 1390 248 1445 nem
272 1373 529 1468 Hungarorum
548 1371 593 1444 ad
619 1366 775 1444 seculum
796 1373 892 1442 v111.
915 1393 999 1443 cum
1023 1373 1232 1466 Turotzio,

157 1471 219 1546 sed
247 1477 293 1546 ad
311 1471 470 1547 seculum
491 1477 548 1548 IX.
568 1499 695 1548 omnes
709 1500 794 1550 curn
816 1497 1002 1578 anonymo
1024 1469 1206 1548 collocent
1216 1501 1231 1562 3

158 1599 278 1678 quum
307 1575 465 1678 alioquin
491 1583 631 1669 Anares
654 1581 772 1655 adhuc
798 1603 895 1653 anno
921 1599 1008 1676 ,⁷44-
1039 1601 1160 1652 rerum
1190 1583 1232 1652 in

155 1685 347 1756 Pannonia
371 1687 511 1782 potitos
539 1683 659 1782 ruisse,
699 1709 767 1760 nec
791 1681 870 1759 illos
898 1686 941 1758 ab
967 1685 1146 1785 Hungaris
1171 1707 1232 1758 ex·

183 1785 306 1884 ulsos,
330 1787 388 1862 sed
414 1813 433 1862 a
455 1787 585 1866 Carolo
606 1795 662 1866 M.
684 1787 746 1863 sub
774 1793 913 1864 exitum
937 1792 1096 1863 eiusdem
1124 1787 1232 1871 seculi

153 1811 322 1967 ErbaCtos
345 1891 434 1991 eise,
481 1913 556 1970 tam
592 1899 837 1991 Graecorum,
875 1915 985 1996 quam
1014 1897 1245 1968 Latinorum·

154 1997 373 2098 scriptorum
401 1999 607 2076 testimonio
637 1999 787 2076 constet⁴
838 2003 1001 2100 Hungari
1021 2023 1151 2101 porro,
1180 1997 1232 2072 su-

157 2105 291 2216 peratis
312 2105 525 2204 quibusdam
541 2107 706 2203 desertis,
732 2101 807 2179 ool
820 2104 879 2180 seu
899 2103 1055 2208 Volgum
1076 2103 1230 2184 fluuium

148 2208 438 2308 transmiserunt„
466 2211 526 2309 (d)
555 2215 591 2285 Si
612 2215 792 2285 rationem
818 2234 893 2284 non
921 2215 1063 2284 tantum
1092 2211 1230 2294 itineris

155 2309 372 2415 longinqui,
397 2314 585 2391 sedetiam
617 2317 762 2390 inermis
790 2317 1059 2417 impeditaeque
1081 2317 1231 2411 turbae,
1299 2353 1306 2361 ·

157 2443 272 2518 quam
294 2429 384 2497 216.
407 2441 627 2506 armatorum
652 2417 761 2509 millia
783 2423 851 2524 (e)
879 2419 998 2496 secum
1017 2421 1230 2516 trahebant,
1284 2509 1287 2516 .

157 2523 381 2614 habeamus3
425 2531 527 2600 anni*
543 2529 684 2602 circiter
712 2545 783 2598 tres
814 2543 876 2599 aut
900 2545 1056 2626 quatuor
1083 2523 1230 2610 effluere

156 2627 264 2715 facile
290 2649 475 2730 poterant,
502 2633 644 2728 donec,
669 2630 917 2734 Kiouienfibus
939 2635 984 2706 ad
1004 2633 1228 2717 deditionem

154 2733 293 2810 'coaffls
326 2759 367 2823 ac
392 2737 570 2814 obfidibus
595 2737 801 2834 imperatis,
827 2739 1033 2833 Cumanos,
1060 2757 1153 2838 quos
1181 2729 1232 2819 iiii
1277 2759 1283 2770 ·

156 2862 224 2937 per
251 2839 383 2918 celeres
403 2839 558 2926 nuncios*
583 2847 621 2915 in
644 2839 815 2924 auxilium
846 2845 1075 2938 acciuerant,
1103 2863 1147 2924 ex
1165 2839 1230 2912 ho·

155 2941 268 3020 stibus
291 2950 426 3036 amicos
449 2945 629 3045 fecissent,
655 2966 693 3022 et
721 2969 806 3030 curn
834 2951 877 3021 iis
900 2947 1080 3047 reliquum
1104 2945 1173 3016 iter
1192 2945 1229 3014 in

154 3047 253 3139 hanc
286 3071 416 3130 terram
443 3048 684 3134 confecissent.

251 3223 293 3296 Χ.
321 3222 433 3296 Cuius
450 3227 568 3323 gentis
591 3247 633 3298 ao
657 3225 807 3325 originis
832 3223 868 3296 hi
894 3221 1048 3302 Cumani
1074 3218 1228 3322 suerint,

151 3327 226 3402 iam
248 3325 370 3424 supra,
397 3351 512 3427 quum
532 3333 577 3404 de
597 3331 836 3430 Cucurguris,
859 3330 909 3402 cis
925 3324 1091 3429 paludem
1103 3331 1230 3401 Maeo·

157 3433 273 3504 tidem
298 3433 341 3503 ab
363 3437 631 3534 Vturgurorum
652 3457 762 3536 gente
784 3433 935 3532 relitiis,
962 3435 1134 3534 agebam,
1152 3435 1230 3518 obi·

154 3555 211 3610 ter
239 3539 353 3612 innui.
409 3535 462 3612 Ci.
475 3543 627 3636 Ptoios,
654 3539 840 3642 postquam
862 3543 1048 3616 Cumanos
1069 3539 1231 3610 eiusdem

152 3645 296 3744 generis
324 3639 423 3720 fuiffe
455 3667 541 3719 cum
572 3647 763 3746 Chazaris,
790 3643 1059 3743 escriptoribus
1079 3637 1230 3730 Rufficir

1133 3769 1175 3818 ac

152 3879 345 3896 -Ι-
655 3839 1229 3900 Qun—affl

193 3959 244 4034 tuf·
265 3953 385 4036 Torua.
403 3961 436 4018 r.
457 3957 498 4024 u.
519 3959 557 4023 o.
577 3981 605 4024 ι.
652 3957 712 4037 (r)
736 3945 835 4018 rnna.
857 3951 893 4014 c.
912 3953 984 4014 vn.
1027 3945 1095 4025 (ι)
1117 3943 1234 4025 ceron,

199 4035 204 4045 “
250 4034 285 4117 Ρ·
303 4039 345 4120 ¹1·
365 4039 445 4119 GL
489 4041 543 4124 (da
566 4044 667 4118 Aron
686 4045 726 4123 C·
745 4039 814 4118 ΥΠ..
849 4039 896 4117 (t),
915 4023 1212 4108 Tunl’·11.·c.ii2
