2748 4300
556 221 716 301 IIEX
770 223 843 296 IX.
895 242 921 263 ··
1124 231 1203 316 219

171 385 270 466 nodo.
321 391 414 466 XIV.
441 389 549 493 Quod
574 393 686 472 nullus
709 393 878 496 secularis
906 393 1013 472 iudex
1036 391 1155 482 clerica
1192 377 1278 468 det¹

165 493 342 604 figilleem.
390 500 466 572 XV.
492 497 676 584 Rcuocatia
703 507 853 578 arnninm
888 497 1131 598 donatianum,
1151 516 1254 600 prae·
1348 515 1350 520 ‘

172 619 230 678 ser
255 599 470 680 donationem
500 603 537 680 S.
574 599 750 708 Stephani.
797 609 893 684 XVI.
920 603 1071 682 Ablatia
1101 601 1255 708 piscma·
1331 667 1335 672 .

173 731 282 806 reem,
308 703 523 810 monasteriis
544 711 603 787 vel
620 709 762 812 eoelestis
785 711 960 812 datarum.
1012 712 1121 787 XVII.
1148 706 1256 814 Quod

109 817 111 826 ⁴
175 809 375 910 donationes
405 822 606 914 vinearum,
633 817 843 918 manstonnm
866 840 913 906 et,
931 839 1105 894 terraram
1126 819 1165 892 in
1185 811 1252 914 seta

147 915 150 923 ’
173 923 297 1024 vigore
315 937 556 1024 permaneant.
608 925 737 998 XVIII.
764 924 872 1026 Quod
880 921 1011 1024 saluae,
1038 917 1141 996 datae
1155 918 1251 996 ecclc·

164 1020 254 1124 fiis,
292 1050 361 1102 non
384 1029 601 1131 aecfemneecr.
653 1029 744 1102 XIX.
782 1027 839 1104 De
866 1035 973 1109 terris
1001 1032 1173 1124 occeperis
1202 1049 1254 1100 eo

173 1127 328 1206 lanorecm
351 1127 537 1238 eifliarnare.
564 1137 635 1210 XX.
663 1131 720 1210 De
734 1129 993 1236 ficccefflans'lacs
1012 1127 1250 1234 paffefflanccm,

175 1233 426 1329 collatarurrea
457 1261 493 1311 re
521 1235 608 1318 ilas.
660 1241 751 1314 xxI.
778 1239 835 1319 De
872 1235 1121 1327 leereditatrbus
1155 1241 1252 1314 emti-

178 1345 265 1438 ciis,
278 1325 476 1442 ‘quemlibet
491 1264 642 1422 leudem
662 1343 951 1443 coreeernentilns.
992 1345 1096 1416 XXII.
1124 1338 1182 1416 De
1200 1347 1251 1446 icc7

175 1445 265 1522 dicio
276 1447 378 1543 ferri
396 1467 430 1523 et
451 1477 473 1522 a
498 1475 580 1546 scae,
605 1457 644 1528 in
661 1449 786 1555 quibat
802 1450 884 1528 lacis
892 1448 978 1552 fieri
1014 1449 1094 1548 offit.
1121 1448 1252 1520 XXIII.

175 1551 234 1628 De
254 1548 365 1650 indice
387 1474 533 1653 miella,
571 1579 647 1632 cam
665 1554 785 1664 ſsgr‘llo
810 1577 844 1633 et
863 1555 940 1657 stne
978 1553 1076 1657 egillo
1099 1549 1250 1630 citando.

173 1659 301 1744 XXIV.
330 1655 387 1734 De
419 1655 503 1762 iusto
529 1659 656 1738 iudicia
681 1658 905 1764 episcoporum
929 1683 970 1735 oc
1001 1665 1189 1752 comitum,
1215 1673 1251 1734 et

173 1761 391 1870 negligentia
410 1769 604 1842 citatorum.
659 1769 769 1842 XXV.
795 1766 854 1842 De
874 1766 1015 1844 decimis
1038 1760 1250 1840 tribictoram

176 1887 210 1942 et
236 1869 469 1977 veciigaliaam.
522 1873 649 1947 XXVI.
667 1871 735 1948 'De
754 1867 898 1982 testilnf
925 1864 1080 1970 confiteri
1099 1862 1250 1944 debenti·

174 1967 238 2050 bns
270 1996 353 2051 ante
391 1969 656 2073 attestationem.
709 1981 852 2052 XXVII.
884 1975 939 2051 De
961 1971 1069 2076 falses
1107 1965 1249 2066 cestibus

176 2071 332 2183 deinceps
359 2107 426 2158 non
453 2081 691 2162 admittendis.
743 2085 905 2160 XXVIII.
932 2079 989 2156 De
1009 2072 1175 2180 pristaldo
1199 2079 1251 2152 irc·

174 2179 263 2260 dicis
286 2183 475 2262 verberata.
531 2191 657 2262 XXIX.
685 2191 743 2266 De
770 2185 958 2265 idoneitate
981 2179 1222 2287 pristaldaram
1237 2239 1260 2279 ,.

165 2283 262 2387 ficret
287 2311 323 2367 et
343 2288 507 2392 restium.
534 2297 650 2370 XXX.
677 2293 736 2372 De
753 2313 863 2397 poena
880 2287 1064 2394 pristaldi3
1091 2291 1249 2392 iniquam

176 2389 450 2500 eoequaationem
460 2400 646 2499 finientis.
697 2405 824 2474 XXXI.
848 2390 1177 2579 torpente-cotecis
1200 2415 1251 2468 oc-

173 2523 215 2576 ca
230 2523 304 2577 eone
327 2495 490 2606 prislaldi
507 2501 670 2610 sequuta.
720 2509 863 2580 XXXII.
944 2527 959 2576 e
992 2495 1250 2600 occupatoribus

172 2627 350 2684 terraram
376 2628 410 2684 et
430 2627 542 2710 poena
578 2609 778 2688 eorumdem.
839 2608 1001 2686 XXXIII.
1037 2603 1093 2678 De
1122 2601 1250 2703 duplici
1284 2675 1289 2690 ,

172 2707 308 2791 tributo
337 2736 578 2791 mercatorum.
645 2719 806 2792 XXXIV.
831 2705 888 2790 De
920 2705 1150 2811 distributinis
1165 2725 1250 2810 pro·

109 2849 119 2884 ·.
165 2823 340 2920 priaram‘
354 2843 494 2917 rernm,
521 2827 560 2896 in
580 2821 666 2921 fimo
693 2816 873 2898 emtarum.
926 2817 1068 2890 XXXV.
1108 2811 1165 2886 De
1191 2807 1250 2912 so·

171 2921 301 2998 latione
320 2917 467 3026 herspitis
495 2925 637 3002 accolae.
691 2929 851 3001 XXXVI.
886 2921 943 3000 De
964 2943 1068 3024 equo,
1095 2913 1250 2995 donando

1 3015 2 3032 ¹
60 3049 65 3060 ·
174 3031 277 3133 regi,
302 3031 340 3136 in
363 3026 514 3132 qnalibet
539 3035 727 3117 comitatu3
755 3035 838 3108 item
865 3029 905 3106 de
931 3019 1083 3128 expenso
1112 3027 1267 3108 nuncio.

169 3157 279 3228 rum,
299 3150 364 3235 per
387 3134 585 3236 palatinam
610 3142 767 3212 comitem
791 3132 925 3228 dandis.
968 3131 1155 3204 XXXVII.
1191 3127 1246 3204 De

173 3235 303 3314 iudicia
327 3264 447 3348 megae
474 3244 580 3348 regis.
632 3243 828 3316 XXXVIII.
854 3240 913 3316 De
938 3247 1031 3333 ciue,
1057 3259 1182 3341 arege
1197 3231 1249 3310 di·
1281 3334 1285 3342 1

172 3337 286 3447 maffia.
332 3343 492 3419 XXXIX.
519 3349 578 3424 De
593 3339 725 3422 ciuibus
734 3345 934 3452 fugitiuis,
962 3341 1090 3445 absque
1108 3338 1248 3418 licentia

175 3455 272 3554 regis
288 3474 357 3526 nan
372 3450 572 3528 retinendis.
624 3452 699 3526 XI».
724 3450 833 3554 Quod
852 3450 930 3527 alim
949 3449 1111 3543 loricati,
1126 3443 1247 3546 sisen-

174 3551 255 3628 dam
281 3561 499 3662 exigentiam
523 3575 773 3660 prouentmam,
817 3551 1094 3658 disponebanp'ur.
1154 3553 1248 3630 XLI.

144 3683 150 3692 ’
177 3655 237 3733 De
251 3657 369 3764 seruis
393 3659 475 3736 diua
504 3667 555 3758 is,
583 3659 692 3740 media
711 3667 822 3766 eapite
838 3659 1027 3739 tondendis.
1054 3656 1164 3748 XLII.
1190 3653 1255 3732 De.

129 3785 136 3842 ς
167 3773 291 3866 prenIs
315 3791 425 3870 vagos
451 3688 579 3876 offisque
599 3768 740 3846 licentia
764 3774 860 3876 regis
877 3761 1085 3844 tenentibus.
1123 3763 1248 3840 XLIII.
1310 3778 1314 3786 ·

174 3867 233 3944 De
276 3868 481 3948 redemtione
515 3879 604 3980 vagi
640 3871 686 3950 ab
721 3900 778 3972 ea,
806 3878 866 3978 qai
883 3921 886 3928 ι
903 3899 977 3954 eum
1013 3861 1245 3972 apprehendit.

70 4027 78 4048 .‚
171 3977 300 4054 XLIV.
327 3976 388 4056 De
403 3989 515 4078 paena
538 3977 757 4060 vendentium
777 4003 889 4090 vagos
901 3973 1043 4081 sirene,
1058 3977 1104 4056 'et
1141 3975 1276 4076 eriam·-

248 4133 252 4141 ·
579 4123 581 4130 ’
1089 4097 1196 4157 tmen·

1234 4215 1255 4254 Α
