2748 4300
168 185 173 196 ’
271 183 348 258 194
495 167 531 236 S.
582 158 1058 232 LADISLAVS

218 331 263 405 ad
287 347 431 427 tempus
459 323 617 416 censuit;
645 301 776 404 rieinde
802 349 924 404 tamen
948 324 1052 400 vium
1073 325 1295 402 matrimonii

217 436 418 538 prohibuit.
438 461 440 466 ·
470 437 533 510 IV.
551 433 609 512 De
628 429 776 538 episcopo
787 495 799 534 ‚
827 420 1021 534 consensioni
1041 427 1227 530 praebente
1244 457 1298 506 no·

215 537 367 618 lentibus
380 537 547 644 separari
569 537 616 616 ab
644 543 766 619 illicito
789 545 958 646 coniugio.
1017 539 1061 609 V.
1089 531 1237 610 Dedan
1252 562 1298 612 ec-

139 699 142 712 ·
186 644 396 750 *beſsorum
423 669 492 722 uon
522 645 669 748 expleta.
724 645 786 722 VI.
813 644 871 722 Dc
887 640 1082 745 perditione
1111 665 1228 716 rerunt
1253 665 1297 716 ee·

216 747 479 854 elesasicarum
519 747 560 825 ob
587 748 784 852 sticerdotc'r
812 755 997 827 incuriam.
1052 739 1138 820 VII..
1165 741 1224 819 Dc
1251 773 1297 820 rc*

208 853 425 958 stauratione
449 847 676 956 desilataruru
697 851 907 1036 ccclcgurunc
927 859 1071 958 propter
1078 845 1296 950 seditionem,

217 967 329 1070 regiis
338 959 520 1060 ficrrttibur
534 961 719 1062 jicienda.
738 950 751 1030 f
810 960 871 1036 III.
896 958 954 1034 rie
980 953 1182 1057 desolatione
1203 957 1298 1031 ecclc·

208 1067 345 1168 fiarurn
360 1077 503 1166 propter
529 1064 754 1168 vetustatem,
782 1067 826 1140 ab
856 1063 1030 1166 episcopIs
1059 1059 1295 1138 instauranda.

68 1227 71 1238 ·
110 1228 120 1242 .
215 1175 273 1247 IX.
300 1169 358 1246 De
382 1171 660 1274 negotiatoribus
675 1171 872 1250 breraclicis.
925 1157 966 1242 X.
993 1165 1050 1242 Dc
1063 1171 1228 1272 ,coningio
1245 1166 1299 1244 ln³

216 1275 376 1352 dacorum
395 1301 472 1350 cum
510 1271 740 1379 Christianis,
768 1267 1004 1376 diisquendo.
1055 1264 1115 1346 XI.
1141 1269 1200 1376 De
1217 1297 1300 1380 neg·

215 1377 409 1487 ligentibus
441 1377 559 1457 ueniri
591 1381 641 1458 ad
662 1385 745 1462 ecclc
760 1409 831 1487 ianr
853 1381 1092 1456 verberandis.
1144 1379 1222 1450 XII
1240 1379 1299 1456 De

216 1485 443 1564 celebratione
497 1485 712 1588 sliuitatura.
763 1490 856 1563 XIII.
892 1483 950 1563 De
973 1480 1211 1583 interscilione
1240 1483 1300 1560 ad·

212 1593 354 1669 ulcerat.
405 1593 453 1664 XI
488 1589 581 1666 .De'
596 1579 838 1691 ſscbcratiiouc
865 1589 1094 1668 candelarum.
1146 1581 1223 1663 XV.
1238 1589 1297 1664 Dc

216 1695 438 1804 negligentia
458 1689 699 1798 fistiuitaturcc
725 1696 767 1774 ob
793 1699 1085 1804 negotiationem,
1111 1717 1209 1792 equo
1227 1698 1300 1794 pIe-

215 1782 357 1876 &eaden
394 1799 556 1878 XVIDc
569 1803 788 1912 negligentia
802 1801 992 1879 dominicae
1010 1797 1089 1874 diei.
1114 1797 1227 1871 xrn.
1242 1799 1301 1874 De

210 1905 408 2012 'hospitibus
434 1905 697 1988 aduenientibus
715 1897 848 1986 clericis
872 1905 1126 1982 examinandis.
1168 1907 1297 1978 xvnr.

216 2013 276 2090 De
294 2007 568 2114 perseveratione
592 2015 791 2092 clericorum
818 2015 856 2090 iu
885 2037 952 2088 ano
979 2007 1059 2085 loco.
1120 2000 1210 2084 XIX.
1241 2007 1299 2110 Dc

217 2115 402 2215 desertione
434 2137 468 2194 et
495 2123 668 2197 lontcmtrc
695 2125 918 2222 propriarum
953 2109 1172 2214 scelestarum.
1205 2119 1300 2190 XX.

216 2221 276 2296 De
307 2221 447 2297 muliare
480 2227 531 2300 iu,
553 2221 720 2302 adulterio
749 2209 960 2329 deprebensis.
1013 2221 1102 2296 XXI.
1128 2216 1299 2322 Abbater

155 2355 158 2360 ·
216 2325 380 2430 quornodo
391 2319 435 2427 si
452 2319 604 2406 babeant
622 2339 707 2435 erga
724 2321 1071 2433 proprios'cpiscopos.
1098 2325 1208 2403 XXII.
1225 2325 1304 2402 Poe·

217 2458 265 2508 na
292 2431 482 2538 gentilium
515 2440 589 2509 ritu
613 2431 908 2546 stccripi'cantium.
962 2429 1085 2510 XXIII.
1113 2431 1173 2510 Dc
1197 2431 1302 2510 dona·

215 2543 309 2616 tione
329 2547 466 2636 rerum3
494 2537 601 2616 alieni
628 2540 778 2641 ecclesie
790 2542 907 2644 sitia.
955 2529 1077 2614 XXIV.
1103 2535 1166 2633 Dc
1182 2543 1303 2614 inucn·

215 2649 310 2720 tione
345 2667 459 2719 rerum
476 2705 478 2712 .
493 2641 802 2746 ecclesiasticarum.
857 2631 963 2718 XXV.
990 2641 1049 2743 De
1078 2639 1304 2750 negligentia
1352 2699 1353 2712 ,

204 2743 378 2849 festorum
403 2769 437 2824 et
454 2745 610 2849 fidelium
632 2751 838 2844 cadauerum
852 2747 1046 2851 sepultura.
1071 2843 1076 2850 .
1098 2749 1225 2824 XXVI.
1243 2747 1303 2824 De

215 2850 393 2932 laboribus
409 2851 611 2933 ludaeorum
635 2860 673 2933 in
680 2847 953 2958 sistinitatibus.
1006 2857 1147 2930 XXVII.
1169 2851 1302 2930 Dede·

214 2965 400 3036 cituationc‘
441 2955 626 3040 liberorum
682 2957 1066 3061 (manumissorum)
1115 2953 1301 3060 abbatum.

212 3060 373 3139 roavrn.
401 3055 459 3139 ne
486 3045 778 3166 inaestuant
798 3069 898 3168 fini
923 3065 983 3142 vu
1004 3091 1124 3170 aquae.
1177 3067 1306 3138 xxix.

175 3205 191 3221 ν
216 3167 274 3245 De
298 3167 522 3246 celebratione
543 3167 661 3275 uriffire
687 3195 790 3250 entra
816 3163 1010 3270 caelestum,
1051 3194 1127 3246 non
1153 3173 1306 3274 permit-

127 3370 129 3374 ·
214 3277 337 3350 tenda.
389 3277 491 3350 XXII.
520 3273 576 3349 De
600 3277 823 3354 decimatione
839 3274 1052 3374 liberorum,
1083 3275 1170 3356 etde
1186 3301 1309 3352 ernau·

76 3375 79 3387 ’
202 3373 385 3482 'siparionc
409 3379 599 3457 eorumdem
626 3383 709 3456 eccle
723 3407 767 3458 us
779 3373 897 3482 falia
952 3383 1070 3457 XXXI.
1098 3377 1156 3457 De
1181 3387 1309 3458 carnis

215 3483 408 3588 diurrffione.
449 3487 587 3559 XXXII.
614 3485 671 3561 De
694 3485 793 3563 illata
811 3487 976 3564 violentia
998 3493 1137 3594 virgini
1151 3485 1213 3563 uel
1228 3513 1307 3586 tnu-

214 3587 312 3686 lieri,
340 3589 446 3665 instar
473 3593 662 3668 homicidii
687 3587 886 3690 pleiieniin.
940 3589 1095 3668 XXXIII.
1121 3589 1180 3668 De
1211 3591 1312 3668 deci·

181 3739 184 3748 ‚
217 3699 368 3767 secutione
402 3711 593 3795 peiorum,
648 3703 688 3774 in
728 3693 797 3772 alio
839 3685 1033 3798 episiopatrc
1067 3683 1309 3796 innascentium.

213 3795 368 3870 XXXIV.
397 3797 455 3874 De
469 3797 717 3900 satitfialiione
754 3799 978 3882 meretricum
1011 3803 1070 3880 uel
1085 3801 1308 3910 sluigarum.

215 3901 353 3972 XXXV.
394 3897 452 3976 Dc
480 3901 623 3982 abbaciis
651 3904 710 3984 uel
732 3903 892 3984 sanctoclri
919 3893 1026 4008 escun
1064 3934 1151 4014 erga
1183 3929 1310 4013 regern

1040 4113 1045 4122 Ι
1191 4005 1258 4090 vel
