2748 4300
321 235 326 259 ¹
444 219 588 300 sax
647 219 810 293 vua
874 231 878 238 ·
1041 205 1242 317 57..
1326 291 1331 310 ,

82 421 224 472 aarum.
274 395 368 470 XIV.
395 391 453 469 De
470 389 546 492 isis,
573 397 633 496 qai
659 417 693 466 a·
711 383 906 490 enrsiribus
930 413 1030 496 equas
1054 387 1171 490 dimifi

77 497 140 602 sas
164 503 330 579 retinent.
383 503 458 575 XV.
488 497 546 575 De
574 499 647 596 tas,
674 502 735 602 qui
759 495 932 576 decretum
963 521 1000 570 re
1029 503 1060 574 is
1071 493 1206 599 sperg

87 626 191 690 nunt.
242 607 335 683 XVI.
361 605 419 682 De
443 603 628 686 iuditibus.
680 605 791 679 XVII.
836 599 894 676 De
917 603 1004 703 furi
1052 609 1099 698 s,‘
1128 599 1178 676 ad

89 707 262 813 scelestas
279 709 526 822 figientibus.
580 711 712 790 xvlu.
755 703 806 788 Vt
840 706 954 788 nulius
983 731 1059 783 eurn
1084 705 1175 806 fure

89 825 272 898 conuenire
298 822 434 898 audeat.
487 819 577 892 XIX.
606 813 717 896 Nema
730 813 858 918 surim
874 811 981 893 ducat
1000 811 1053 888 ad
1066 813 1175 888 auium

91 919 253 1004 iudicem.
303 931 377 1001 XX.
404 921 462 998 De
481 917 756 1024 usucapionibus.
809 921 899 992 XXI.
926 917 984 998 De
1004 907 1086 1014 his,
1103 923 1175 1020 ¹qui

94 1033 270 1132 recipiunt
285 1029 428 1134 seruum
451 1029 510 1104 vel
529 1029 625 1106 lixas
652 1023 807 1128 alterius.
856 1027 966 1100 XXII.
1005 1022 1063 1099 De
1089 1021 1179 1097 iudi·
1212 1063 1218 1084 .

94 1160 129 1214 ce
145 1133 262 1208 'eraiia
291 1161 325 1215 et
362 1131 555 1236 aarfiituta'.
613 1125 740 1207 XXIII.
766 1129 823 1206 De
850 1128 956 1236 falfis
993 1123 1178 1205 iuria-ibus.

93 1243 219 1314 XXIV.
248 1238 462 1338 Brindisi,
487 1239 646 1346 litigium
672 1233 864 1340 dfflrinte.
918 1241 1024 1312 XXV.
1053 1233 1111 1310 De
1126 1239 1177 1310 ii·
1274 1283 1277 1300 .

2 1387 3 1390 ¹
94 1341 251 1442 ditibus,
294 1347 433 1460 agilium
459 1341 691 1426 mittentibus.
743 1344 866 1418 XXVI.
907 1341 965 1421 De
979 1339 1176 1446 spernenti-

94 1449 159 1528 bus
175 1447 336 1557 figilurn
360 1451 522 1530 iudicum.
575 1449 717 1523 XXVII.
746 1445 804 1522 De
832 1443 908 1548 iis,
935 1456 995 1556 qui
1013 1447 1105 1524 darni
1114 1445 1174 1546 fi·

93 1579 217 1638 terunt
238 1576 408 1668 pugnarn.
461 1559 616 1630 XXVIII.
646 1551 703 1630 De
736 1546 954 1654 cursoribus,
992 1559 1054 1658 qui
1078 1551 1175 1628 altra
1256 1649 1261 1656 Ι

94 1665 167 1738 tria
195 1665 306 1740 millia
331 1689 431 1770 equas
456 1663 634 1742 duxerint.
687 1661 807 1736 XXIX.
850 1657 907 1736 De
929 1652 1173 1770 quaerentibus
1195 1670 1203 1692 ‘
1236 1711 1241 1720 ·

94 1789 148 1838 res
170 1767 350 1869 perditas,
377 1771 436 1845 iub
464 1766 579 1852 multa
612 1788 660 1855 ιο
686 1771 930 1848 iuuencorum
954 1785 1032 1844 non
1063 1765 1178 1860 impe·
1269 1796 1272 1808 v

90 1871 244 1948 diendiS.
273 1879 331 1976 (a)

192 2071 252 2176 A.
279 2071 331 2210 ίῖο
347 2095 461 2172 1095.
480 2068 580 2148 'Lai
602 2091 671 2176 ¹19.
700 2065 776 2146 Iud.
806 2089 840 2166 3.
869 2063 908 2141 P.
938 2087 999 2163 25·
1028 2063 1080 2140 M.

190 2281 330 2369 CLXV,
358 2283 467 2360 Certa
496 2287 725 2360 conditarum
757 2286 885 2358 harum
913 2279 1036 2383 legum
1070 2286 1172 2360 chro-

91 2386 247 2488 nologia·
270 2383 446 2485 destituti,
473 2389 687 2468 coniesturis
711 2385 825 2463 solum
850 2387 925 2484 vii,
965 2413 1079 2488 quum
1106 2393 1175 2489 pri·

93 2499 147 2568 mi
161 2493 244 2567 iibri
264 2494 496 2571 decretorum
512 2495 645 2572 natales
663 2493 820 2596 figantur
838 2497 883 2568 ad
897 2517 1038 2570 sannusn
1058 2517 1173 2585 1092.

93 2599 251 2674 aiterum
277 2599 321 2670 ad
357 2625 469 2698 1093.
496 2605 643 2676 tertium
677 2601 723 2673 ad
760 2621 872 2694 1094.
901 2595 1175 2676 collocauimus.

91 2709 194 2778 Nam
225 2699 358 2780 ultimo
390 2710 463 2782 hoc
487 2711 586 2782 ‘anno
613 2709 709 2780 vitae
737 2705 815 2780 strae
849 2709 883 2782 S.
917 2702 1100 2776 Ladislaus
1130 2703 1179 2778 ea'
1247 2756 1251 2764 ,

89 2805 220 2910 geffit,
242 2833 344 2908 -quae
375 2815 532 2886 comitiis
555 2809 776 2888 celebrandis
804 2833 914 2885 omne
943 2827 1089 2907 tempus
1107 2815 1173 2912 esi-

15 2951 21 2958 ·
87 2913 208 3013 puiiie
225 2914 341 2992 videri
369 2916 523 3017 poss'unt.
563 2919 635 2992 Sub
660 2919 802 2994 initium
825 2920 922 2994 enim
946 2915 1173 3014 apparatibus

89 3023 135 3092 ad
158 3017 306 3093 beium·
324 3019 482 3122 sacrum,
511 3045 591 3100 tum
618 3019 714 3118 bello
740 3021 943 3100 Bohemico
970 3018 1041 3092 fuis
1062 3021 1175 3120 impe·

87 3127 200 3200 ditus.
246 3129 331 3200 Erat
357 3151 489 3232 nempe
512 3136 545 3203 S.
568 3125 751 3203 Ladislaus
775 3123 896 3226 paullo
923 3129 1042 3226 prius,
1061 3131 1171 3224 quani
1208 3133 1210 3142 ’
1246 3157 1259 3168 “
1325 3147 1328 3157 ·

89 3233 135 3304 ad
161 3225 315 3306 caeleste
339 3257 492 3336 regnum
512 3251 746 3330 cunctaretur,
774 3259 795 3306 a
836 3234 1038 3334 sincipibus‘
1054 3237 1173 3307 Euro-

86 3359 155 3434 pae
180 3339 259 3410 dux
288 3343 530 3444 expeditionis
542 3343 582 3414 in
603 3361 732 3415 terram
754 3256 908 3415 sanilam
933 3357 1100 3438 optatus,
1128 3359 1170 3413 vt
1234 3375 1242 3396 ι

84 3443 287 3517 Turotzius
310 3445 349 3520 in
370 3449 460 3522 haec
486 3449 596 3522 verba
618 3463 755 3519 narrat:
784 3441 843 3538 (b)
881 3445 1066 3550 Quumque
1094 3443 1173 3520 eele-

87 3545 223 3654 brafflt
239 3543 366 3646 pascha
383 3551 515 3630 damini
529 3561 568 3630 in
585 3548 753 3662 Badrag5
779 3573 851 3626 eece
867 3555 988 3630 nuncii
1005 3549 1045 3631 de
1060 3549 1174 3627 Fran*

87 3659 142 3728 eia
166 3674 204 3732 et
224 3650 480 3757 deblaypanra,
508 3655 548 3734 de
576 3655 717 3763 Anglia
746 3675 781 3734 et
806 3659 1000 3738 Britannia
1023 3657 1074 3737 ad
1091 3670 1166 3734 enar

89 3779 287 3846 venerunt3
314 3781 347 3837 et
355 3763 592 3868 praeripuerit
607 3761 787 3863 Villermo,
802 3763 931 3864 fratre
951 3771 1048 3869 regis
1062 3763 1178 3840 Fran·
1299 3761 1309 3772 ’

567 3873 608 3942 N
636 3893 657 3965 3
902 3895 905 3901 ·
974 3895 1123 3964 aarurn5

97 4021 215 4046 w
604 4017 1178 4047 *md-uqa·-

126 4089 180 4174 (β)
203 4091 285 4158 ibid.
312 4111 344 4178 p.
369 4095 549 4178 aaa-⁶62.
593 4095 640 4180 (i)
666 4097 792 4167 Chion..
814 4095 851 4170 Ρ.
868 4097 908 4160 11.
930 4117 995 4181 cai·
1016 4121 1065 4178 59·
1170 4151 1173 4156 .
