2738 4304
281 255 327 339 n
580 193 964 338 Altunn'v's

220 406 412 516 MetenGS,
441 433 551 517 quam
575 414 762 492 Fuldensrs
783 413 934 492 naturali
960 433 1080 492 morte
1102 413 1312 512 decessisse-3

222 531 374 600 Cosmas
399 521 602 624 Pragensrs,
644 526 791 598 nemine
818 522 995 618 conscio,
1041 542 1207 597 montem
1233 529 1314 599 Zo-

219 623 286 704 bo'r
314 623 469 729 petiisset
498 631 610 728 vitam
635 653 720 702 cum
750 631 863 702 tribus
883 632 992 704 ererm
1021 626 1222 704 cultoribus
1243 655 1314 705 au-

221 741 348 811 lleram
378 730 505 836 egisset
533 759 625 831 nec,
653 731 713 808 nil
735 731 857 834 paullo
884 737 1007 834 prius,
1035 758 1144 834 quam
1160 722 1309 836 obiret,

219 846 301 942 quis
322 838 430 938 esset,
459 838 561 915 sociis
576 838 770 938 aperuisse,
798 841 998 940 perhibent
1028 843 1086 937 (a)
1102 841 1308 930 Turotzius

216 951 327 1048 igitur
351 950 446 1021 hanc
473 947 518 1019 de
536 937 802 1046 'Suatoplugo,
830 947 995 1044 quinon
1020 943 1111 1045 ipse,
1139 945 1197 1022 sed
1231 949 1329 1044 Zoq

194 1055 345 1126 ffborins
372 1068 457 1125 cum
491 1049 671 1150 Hungaris
705 1049 939 1145 conflixerat,
982 1057 1234 1130 narrationem
1255 1075 1306 1128 ex

213 1159 362 1234 historia
386 1153 505 1234 Saloni
521 1153 621 1230 'male
653 1154 921 1230 consarcinauit
949 1153 1026 1255 (b)¹

516 1303 570 1380 A.
604 1302 642 1378 C.
670 1317 757 1406 894.
784 1303 929 1408 Arpadi
954 1313 990 1382 6.

308 1451 404 1526 XVI.
431 1449 515 1524 Post
542 1448 659 1526 vidios
675 1453 744 1527 bic
772 1437 972 1554 Bulgaros‚
1007 1447 1081 1526 illic
1103 1455 1304 1534 Marahen-

211 1557 262 1632 ses
290 1552 437 1652 Slauos',
486 1559 668 1660 Hungaris
695 1583 773 1644 non
806 1560 870 1632 diu
906 1563 1040 1658 quietis
1069 1555 1136 1634 else
1165 1557 1300 1664 licuit,

210 1667 397 1765 implicitis
422 1659 543 1758 bellu,
571 1663 674 1762 quod
701 1666 793 1738 inter
812 1665 1003 1762 Leonem,
1048 1667 1197 1741 orientis
1228 1672 1303 1744 im-

211 1792 441 1872 peratorem,
471 1787 509 1842 et
534 1769 768 1867 Simeonem,
795 1767 982 1872 bulgariae
1010 1792 1154 1875 regem,
1195 1796 1300 1848 exar-

189 1875 309 1952 ’lcran
363 1877 514 1976 Agebat
553 1893 641 1949 tunc
669 1877 865 1975 Arpadus,
898 1873 1000 1955 'viclo
1024 1877 1095 1950 iam
1133 1875 1298 1979 Salam,

210 2007 288 2058 non
318 1977 448 2080 procul
479 1981 676 2077 Danubio,
717 2005 783 2082 per
814 1975 932 2082 quem'
953 1985 1126 2080 Nicetas,
1154 1986 1297 2061 Leonis

124 2099 131 2144 κ’
186 2085 371 2188 legatus,
398 2087 550 2158 adeum
574 2082 763 2160 tranliuilse
791 2085 966 2164 scribitur.
998 2083 1054 2185 (c)
1097 2091 1299 2192 Arpadus,

142 2266 146 2276 ,
210 2189 383 2266 auxilium
407 2187 615 2290 pollicitus,
642 2213 758 2290 quum
786 2188 858 2291 ipse
884 2213 947 2290 per
968 2215 1023 2267 res
1051 2192 1294 2296 domesticas,

210 2299 379 2373 nondum
407 2299 484 2370 latis
510 2293 695 2394 firmatas,
722 2293 842 2384 abesse,
863 2319 940 2370 non
972 2294 1105 2395 pollet3
1147 2304 1291 2400 copiis,

208 2429 231 2480 e
256 2397 444 2478 Moldauia
467 2419 596 2476 contra
619 2399 794 2502 Bulgaros
822 2403 1039 2501 educendis,
1079 2393 1295 2484 Liunticam

209 2508 325 2586 filium
348 2505 533 2608 praefecit.
585 2505 668 2582 Ouo
693 2525 859 2606 tempore
886 2507 946 2581 hic
981 2510 1105 2607 copias
1133 2511 1173 2585 in
1203 2512 1295 2590 Bul·
1356 2585 1357 2593 ,

203 2618 341 2716 gatiam
358 2609 510 2710 infudit,
538 2637 579 2686 ac
603 2617 813 2688 Simeonem
831 2607 968 2688 vidium
988 2613 1144 2688 Distram
1161 2613 1292 2718 sugere

182 2723 352 2822 -coegit,
379 2719 446 2812 alia
479 2723 740 2820 Hungarorum
774 2733 903 2793 manus
931 2719 976 2792 ad
1005 2717 1163 2794 Rasciam
1198 2721 1293 2799 subi-

204 2831 364 2929 gendam
393 2849 492 2900 arma
518 2827 725 2928 conuertit,
767 2825 830 2900 vbi
864 2819 1061 2899 visloribus
1095 2829 1290 2908 Liunticae

205 2930 381 3009 militibus
402 2933 506 3005 vnire
531 2928 563 3006 se
589 2929 691 3006 facile
714 2932 849 3028 potuit
889 2931 988 3032 Ergo
1009 2929 1213 3007 coniunllis
1227 2941 1290 3011 .vi—

203 3044 326 3136 riuus,
355 3037 400 3110 ad
420 3033 536 3136 ipsum
559 3059 658 3110 mare
679 3049 959 3136 procurrerunt,
985 3035 1203 3140 Spalatoque
1228 3064 1289 3115 ca-

203 3165 293 3244 pto,
322 3145 505 3218 Croatiam
531 3141 610 3220 suae
642 3139 810 3242 potestati
839 3140 1075 3216 subiecerunt.
1103 3143 1164 3240 (d)
1218 3151 1289 3221 At-

202 3272 277 3348 que
303 3253 397 3322 hanc
423 3251 684 3348 Hungarorum
712 3247 980 3348 procursionem
1004 3243 1206 3350 intelligere
1233 3257 1291 3327 vi·
1353 3277 1354 3281 ¹

203 3357 310 3428 detur
340 3347 522 3448 annalium
546 3353 777 3430 Fuldensrum
803 3354 1060 3448 continuator,
1087 3379 1203 3457 quum
1237 3359 1286 3432 ati

203 3456 467 3534 hunc'annum
496 3471 583 3554 894.
614 3463 665 3532 ita
689 3457 827 3533 scribit:
855 3457 977 3533 Auara·
986 3513 997 3553 ,
1025 3465 1086 3560 qui
1118 3459 1287 3540 dicuntur

209 3563 374 3672 Vngarr',
400 3599 453 3624 ι-
478 3563 575 3640 vltra
590 3562 797 3640 Danubium
807 3579 1065 3670 peragrantes,
1091 3563 1291 3648 malcomi«

191 3667 364 3773 secabilia
383 3689 637 3776 perpetrarem.
669 3676 725 3769 (a)

665 3782 906 3880 ··.
1176 3779 1231 3856 A·

200 3889 787 3913 ...naumann—-
1166 3887 1284 3912 Μ

239 3945 288 4027 (a)
312 3941 360 4003 Ad
379 3949 418 4008 Α.
436 3937 480 4084 fi.
503 3957 589 4082 8943d
613 3935 664 4084 (ξ’)
684 3937 760 4000 Hist·
781 3941 856 4006 ffir.
868 3939 962 4086 aliua
973 3961 1001 4024 p.
1024 3953 1199 4020 145-150.
1230 3938 1275 4018 (c)

176 4079 179 4086 ·
296 4025 437 4195 arsa.
458 4021 913 4188 arrasa-aaa)-
1221 4041 1273 4110 ⁴³·
