2800 4304
384 195 468 249 ·“’
564 199 835 276 REXIX.
1103 189 1220 294 235'

248 357 498 436 CLXXXVIII.
526 361 720 438 Colomani
752 367 924 466 pietatem
962 359 1091 437 itidem
1131 383 1231 436 com·

153 465 327 562 mendac,
358 467 496 566 'quod,
544 473 680 544 exortis
704 473 799 543 Inter
825 466 1046 572 regnum'et
1073 465 1231 542 sacerdo-

150 573 248 660 tium
264 591 425 674 propter
450 569 872 674 investiturasdillidiis,
901 597 981 648 eam
1013 575 1231 666 moderatio·

155 699 241 750 nem
254 681 311 752 pn,
328 673 442 751 caussa
460 697 534 752 tam
561 679 755 778 inuidiosa,
781 705 874 782 quae
900 681 1130 754 Germaniam
1148 700 1230 775 pro-

152 805 201 882 pe
241 779 497 880 conu'ulserat,
535 787 767 882 adhibuerit,
808 807 850 859 vt
877 781 1054 886 aliquide
1081 781 1143 854 suo
1176 785 1228 854 iu·
1295 773 1298 782 ’

155 911 196 960 ae
220 891 342 988 potius
364 892 571 986 remittere,
608 913 718 991 quam
743 884 957 990 perniciosas
984 911 1068 962 eum
1094 887 1233 986 aposto·

76 1037 81 1046 ·
154 991 225 1066 lica
249 991 351 1092 sede,
373 997 493 1072 ¹cuius
511 993 688 1072 summam
709 999 951 1071 reuerentiam
977 987 1126 1088 habuit,
1151 985 1232 1064 lites

136 1121 321 1174 exercere
345 1096 512 1178 voluerit.
578 1101 829 1176 Controuersra
855 1103 944 1176 haec
973 1095 1152 1198 'originem
1180 1099 1233 1191 in·

160 1205 208 1278 de
226 1203 376 1302 sumfit,'
392 1208 513 1305 quod,
540 1203 709 1282 exstincta
733 1205 839 1310 stlrpe
859 1203 1105 1305 carolingica,
1133 1223 1232 1302 prae·

149 1305 240 1382 sesli
265 1311 558 1410 prouinciarum,
583 1333 625 1386 vt
650 1312 714 1386 has
731 1311 790 1384 srbi
805 1313 1033 1388 hereditarias
1050 1305 1228 1400 facerent,

96 1419 102 1426 '
152 1416 364 1514 Imperatori
381 1409 581 1524 homagium
604 1441 646 1492 ac
671 1415 853 1492 fidelitatis
873 1417 1154 1511 sacramentum,
1172 1433 1231 1486 ex·

153 1517 277 1598 hibitis
300 1523 339 1593 in
358 1517 436 1595 aula
465 1518 662 1622 militiaque
681 1522 899 1622 quibusdam
917 1519 1116 1622 obsequio,
1135 1539 1234 1616 prae·

153 1623 326 1723 sinerint,
373 1649 415 1700 ac
451 1630 497 1702 ad
525 1647 651 1703 eorum
683 1625 893 1727 exemplum
926 1629 1035 1702 etiam
1073 1617 1232 1721 episcopi

152 1735 320 1806 ciuitates
354 1730 570 1833 episcopales
602 1733 646 1806 ab
676 1735 894 1832 imperatore
927 1733 1004 1805 iure
1026 1723 1133 1829 feodi
1168 1747 1233 1826 per

154 1839 389 1914 traditionem
408 1837 542 1912 annuli·
556 1837 745 1938 baculique
765 1833 943 1936 pastoralis
964 1837 1128 1932 accipere
1143 1853 1232 1906 con·

150 1941 344 2018 sueuerint.
396 1939 842 2044 rstevsus,aliquamd1u
881 1938 1077 2033 toleratus,
1103 1931 1141 2015 in
1173 1931 1247 2008 ab*
1349 1993 1352 2009 .

151 2045 255 2120 usum
284 2045 430 2123 subinde
459 2039 658 2126 marimum
687 2049 941 2150 degenerauit,
967 2063 1010 2120 vt
1040 2039 1234 2116 sacerdotia

153 2145 278 2252 pallini
304 2151 383 2254 plus
408 2153 669 2252 offerentibuS‚
688 2158 806 2228 ‘etiam
824 2143 1075 2254 IndignisfimIs
1090 2166 1128 2222 et
1148 2167 1235 2220 con-

154 2258 370 2358 cubinariis,
408 2258 545 2336 venalia
574 2260 782 2360 prostarent.
845 2263 898 2332 Vt
922 2257 1033 2359 igitur
1062 2249 1232 2326 nefariam

156 2365 253 2438 hanc
277 2361 456 2444 sacrorum
490 2369 794 2442 nundinationem
833 2359 1025 2464 labemque
1061 2357 1235 2436 Simonia-

156 2493 239 2546 cam
262 2473 296 2544 S.
326 2471 523 2574 Gregorius
546 2475 625 2545 VII.
650 2470 858 2570 exstirparet
869 2495 883 2556 3
924 2489 1073 2544 omnem
1098 2456 1236 2561 inuesti-

156 2595 299 2670 taram,
324 2575 426 2654 velut
457 2575 685 2651 occasronem
715 2575 898 2648 Simoniae
924 2572 1147 2671 proximam,
1190 2567 1238 2640 se·
1300 2643 1304 2652 ,

155 2701 243 2756 uere
267 2683 464 2778 prohibuit.
517 2683 608 2756 Ouia
635 2699 756 2753 tamen
774 2681 1010 2777 imperatores
1033 2669 1234 2747 feudalibus

92 2833 94 2842 =
153 2787 296 2884 Imperii
324 2788 460 2860 iuribus
487 2787 621 2876 'cedere
660 2787 810 2861 miolme
838 2779 1052 2864 voluerunt;
1095 2779 1253 2866 tamdiu⁸

156 2889 238 2966 lites
262 2887 368 2990 sopiri
390 2915 466 2964 non
490 2907 683 2990 poterant,
711 2889 831 2962 donec
859 2883 1018 2964 Callistus
1043 2888 1084 2958 11.
1108 2881 1236 2982 flemi-

157 3021 203 3074 co
227 2997 272 3098 Y.
296 2989 516 3072 concessisset
544 3017 642 3070 anno
671 3001 784 3072 11'222
812 3007 855 3088 vt
878 2989 1092 3066 constitutos
1117 2983 1239 3060 secun·
1335 3023 1339 3030 -

157 3105 248 3180 dum
265 3099 647 3202 'canonesepiscopos
677 3119 714 3176 et
741 3099 888 3174 abbates
914 3119 990 3170 non
1022 3089 1156 3167 annulo
1178 3111 1238 3189 pe·

160 3209 284 3308 doque
312 3201 498 3306 pastorali,
525 3203 712 3306 potestatis
734 3199 921 3302 spiritualis
948 3201 1160 3300 infignibus5
1178 3193 1237 3270 sed

101 3307 106 3314 ’
158 3311 323 3412 sceptro,
367 3331 555 3414 tamqnam
585 3309 792 3385 fiduciarios
817 3309 958 3407 imperii
988 3306 1159 3400 cllentes‚
1199 3303 1238 3375 In

157 3419 269 3493 fidem
291 3437 329 3491 et
354 3413 558 3494 clientelam
585 3420 773 3518 reciperet.
839 3417 923 3488 Nec
948 3412 1049 3489 enim
1073 3403 1237 3484 interesse

163 3541 306 3624 poterat
339 3525 588 3626 imperatoris,
629 3545 675 3596 an
702 3543 764 3596 eos
790 3523 829 3593 in
852 3517 960 3594 fidem
991 3541 1056 3620 per
1084 3518 1155 3588 hoc
1181 3507 1239 3584 vel

160 3627 261 3716 illud,
277 3623 577 3725 instrumentum,
596 3649 781 3728 tamquam
801 3620 957 3700 conceffi
975 3623 1068 3699 seudi
1086 3619 1239 3716 sgnum,

7 3689 9 3833 l
161 3734 337 3832 reciperet
344 3757 359 3820 3
383 3737 442 3808 cui
459 3753 557 3808 certe
575 3733 853 3810 conuenientior
870 3728 950 3807 vsus
968 3729 1110 3826 sceptri,
1130 3731 1240 3822 quam

166 3827 284 3916 baculi
308 3837 509 3937 pastoralis,
537 3857 641 3914 erat*
677 3843 888 3936 Antequam
919 3856 1039 3911 tamen
1063 3829 1141 3907 illae
1168 3847 1240 3901 tur·

163 3943 229 4024 bae
250 3945 318 4022 hac
345 3944 592 4022 moderatione
616 3943 753 4047 sopitae
771 3937 934 4032 suissent3
958 3935 1080 4018 infelix
1094 3929 1236 4011 inuesti-

1025 4059 1189 4120 tutatum
