<?xml version="1.0" encoding="UTF-8"?>
<!DOCTYPE html PUBLIC "-//W3C//DTD XHTML 1.0 Transitional//EN"
    "http://www.w3.org/TR/xhtml1/DTD/xhtml1-transitional.dtd">
<html xmlns="http://www.w3.org/1999/xhtml" xml:lang="en" lang="en">
 <head>
  <title>
</title>
<meta http-equiv="Content-Type" content="text/html;charset=utf-8" />
  <meta name='ocr-system' content='tesseract 3.04.00' />
  <meta name='ocr-capabilities' content='ocr_page ocr_carea ocr_par ocr_line ocrx_word'/>
</head>
<body>
  <div class='ocr_page' id='page_1' title='image "./epitomechronolo01katogoog_0346.png"; bbox 0 0 2754 4306; ppageno 0'>
   <div class='ocr_carea' id='block_1_1' title="bbox 451 179 1206 282">
    <p class='ocr_par' dir='ltr' id='par_1_1' title="bbox 451 179 1206 282">
     <span class='ocr_line' id='line_1_1' title="bbox 451 179 1206 282; baseline 0.007 -26"><span class='ocrx_word' id='word_1_1' title='bbox 451 179 596 256; x_wconf 79' lang='lat' dir='ltr'>nex</span> <span class='ocrx_word' id='word_1_2' title='bbox 647 179 802 260; x_wconf 87' lang='lat' dir='ltr'>xvrr.</span> <span class='ocrx_word' id='word_1_3' title='bbox 1046 189 1123 282; x_wconf 78' lang='lat'>369</span> <span class='ocrx_word' id='word_1_4' title='bbox 1196 255 1206 274; x_wconf 83' lang='grc'><em>,</em></span> 
     </span>
    </p>
   </div>
   <div class='ocr_carea' id='block_1_2' title="bbox 10 335 1288 1503">
    <p class='ocr_par' dir='ltr' id='par_1_2' title="bbox 9 335 1288 1508">
     <span class='ocr_line' id='line_1_2' title="bbox 96 335 1177 449; baseline 0.004 -27"><span class='ocrx_word' id='word_1_5' title='bbox 96 387 119 429; x_wconf 65' lang='grc' dir='ltr'><em>η</em></span> <span class='ocrx_word' id='word_1_6' title='bbox 148 350 228 446; x_wconf 87' lang='lat' dir='ltr'>paci</span> <span class='ocrx_word' id='word_1_7' title='bbox 255 349 358 449; x_wconf 84' lang='lat' dir='ltr'>regni</span> <span class='ocrx_word' id='word_1_8' title='bbox 389 343 598 447; x_wconf 74' lang='lat' dir='ltr'>virgariae,</span> <span class='ocrx_word' id='word_1_9' title='bbox 624 369 735 448; x_wconf 88' lang='lat' dir='ltr'>quam</span> <span class='ocrx_word' id='word_1_10' title='bbox 766 365 850 422; x_wconf 83' lang='lat' dir='ltr'>tuae</span> <span class='ocrx_word' id='word_1_11' title='bbox 875 345 1042 424; x_wconf 87' lang='lat' dir='ltr'>volentes</span> <span class='ocrx_word' id='word_1_12' title='bbox 1076 335 1177 426; x_wconf 77' lang='lat' dir='ltr'>saluti</span> 
     </span>
     <span class='ocr_line' id='line_1_3' title="bbox 17 451 1177 554; baseline 0.003 -26"><span class='ocrx_word' id='word_1_13' title='bbox 17 495 19 500; x_wconf 95' lang='lat'>·</span> <span class='ocrx_word' id='word_1_14' title='bbox 95 507 120 546; x_wconf 91' lang='lat'>„</span> <span class='ocrx_word' id='word_1_15' title='bbox 148 451 357 551; x_wconf 79' lang='lat' dir='ltr'>consulere,</span> <span class='ocrx_word' id='word_1_16' title='bbox 384 451 614 530; x_wconf 83' lang='lat' dir='ltr'>nobilitatem</span> <span class='ocrx_word' id='word_1_17' title='bbox 638 471 739 526; x_wconf 88' lang='lat' dir='ltr'>tuam</span> <span class='ocrx_word' id='word_1_18' title='bbox 760 476 952 554; x_wconf 84' lang='lat' dir='ltr'>rogamus,</span> <span class='ocrx_word' id='word_1_19' title='bbox 970 479 1177 554; x_wconf 84' lang='lat' dir='ltr'>monemus,</span> 
     </span>
     <span class='ocr_line' id='line_1_4' title="bbox 99 559 1174 664; baseline 0.003 -31"><span class='ocrx_word' id='word_1_20' title='bbox 99 607 124 648; x_wconf 88' lang='lat'><em>„</em></span> <span class='ocrx_word' id='word_1_21' title='bbox 151 597 204 618; x_wconf 89' lang='lat'>-··</span> <span class='ocrx_word' id='word_1_22' title='bbox 230 578 406 660; x_wconf 86' lang='lat' dir='ltr'>quatenus</span> <span class='ocrx_word' id='word_1_23' title='bbox 432 601 483 622; x_wconf 91' lang='lat'>-</span> <span class='ocrx_word' id='word_1_24' title='bbox 510 559 734 659; x_wconf 88' lang='lat' dir='ltr'>proposrtum</span> <span class='ocrx_word' id='word_1_25' title='bbox 762 561 830 632; x_wconf 90' lang='lat' dir='ltr'>iter</span> <span class='ocrx_word' id='word_1_26' title='bbox 856 561 1023 664; x_wconf 68' lang='lat' dir='ltr'>arripias,</span> <span class='ocrx_word' id='word_1_27' title='bbox 1046 599 1100 626; x_wconf 81' lang='grc' dir='ltr'>ι-</span> <span class='ocrx_word' id='word_1_28' title='bbox 1126 585 1174 638; x_wconf 85' lang='lat' dir='ltr'>ne</span> 
     </span>
     <span class='ocr_line' id='line_1_5' title="bbox 97 658 1177 766; baseline 0 -28"><span class='ocrx_word' id='word_1_29' title='bbox 97 716 123 756; x_wconf 88' lang='lat'>„</span> <span class='ocrx_word' id='word_1_30' title='bbox 150 703 203 722; x_wconf 89' lang='lat'>-</span> <span class='ocrx_word' id='word_1_31' title='bbox 227 683 376 766; x_wconf 85' lang='lat' dir='ltr'>paterna</span> <span class='ocrx_word' id='word_1_32' title='bbox 406 683 444 738; x_wconf 85' lang='lat' dir='ltr'>te</span> <span class='ocrx_word' id='word_1_33' title='bbox 475 665 605 739; x_wconf 80' lang='lat' dir='ltr'>reddas</span> <span class='ocrx_word' id='word_1_34' title='bbox 632 658 854 739; x_wconf 86' lang='lat' dir='ltr'>succeffione</span> <span class='ocrx_word' id='word_1_35' title='bbox 883 665 1075 764; x_wconf 80' lang='lat' dir='ltr'>indignum</span> <span class='ocrx_word' id='word_1_36' title='bbox 1083 693 1096 752; x_wconf 68' lang='grc' dir='ltr'><strong><em>ς</em></strong></span> <span class='ocrx_word' id='word_1_37' title='bbox 1122 704 1177 729; x_wconf 86' lang='lat'><strong><em>-</em></strong></span> 
     </span>
     <span class='ocr_line' id='line_1_6' title="bbox 99 766 1288 866; baseline 0.002 -24"><span class='ocrx_word' id='word_1_38' title='bbox 99 821 123 858; x_wconf 89' lang='lat'>„</span> <span class='ocrx_word' id='word_1_39' title='bbox 152 767 322 866; x_wconf 83' lang='lat' dir='ltr'>sciurrus,</span> <span class='ocrx_word' id='word_1_40' title='bbox 349 793 393 846; x_wconf 83' lang='lat' dir='ltr'>ex</span> <span class='ocrx_word' id='word_1_41' title='bbox 425 788 514 844; x_wconf 91' lang='lat' dir='ltr'>tunc</span> <span class='ocrx_word' id='word_1_42' title='bbox 541 769 782 846; x_wconf 84' lang='lat' dir='ltr'>anathematis</span> <span class='ocrx_word' id='word_1_43' title='bbox 809 787 847 842; x_wconf 85' lang='lat' dir='ltr'>te</span> <span class='ocrx_word' id='word_1_44' title='bbox 881 766 1028 844; x_wconf 86' lang='lat' dir='ltr'>vinculo</span> <span class='ocrx_word' id='word_1_45' title='bbox 1068 771 1178 846; x_wconf 79' lang='lat' dir='ltr'>subin·</span> <span class='ocrx_word' id='word_1_46' title='bbox 1278 844 1288 862; x_wconf 67' lang='lat'>,</span> 
     </span>
     <span class='ocr_line' id='line_1_7' title="bbox 97 871 1178 978; baseline 0.005 -31"><span class='ocrx_word' id='word_1_47' title='bbox 97 917 120 955; x_wconf 61' lang='grc' dir='ltr'><em>η</em></span> <span class='ocrx_word' id='word_1_48' title='bbox 150 897 252 960; x_wconf 65' lang='lat' dir='ltr'>cerer</span> <span class='ocrx_word' id='word_1_49' title='bbox 279 897 317 950; x_wconf 92' lang='lat' dir='ltr'>et</span> <span class='ocrx_word' id='word_1_50' title='bbox 338 877 414 949; x_wconf 89' lang='lat' dir='ltr'>iure</span> <span class='ocrx_word' id='word_1_51' title='bbox 427 935 439 974; x_wconf 85' lang='lat'>,</span> <span class='ocrx_word' id='word_1_52' title='bbox 468 876 569 978; x_wconf 90' lang='lat' dir='ltr'>quod</span> <span class='ocrx_word' id='word_1_53' title='bbox 596 875 684 970; x_wconf 73' lang='lat' dir='ltr'>tibi,</span> <span class='ocrx_word' id='word_1_54' title='bbox 711 875 733 947; x_wconf 86' lang='lat' dir='ltr'>si</span> <span class='ocrx_word' id='word_1_55' title='bbox 764 871 880 950; x_wconf 64' lang='lat' dir='ltr'>didius</span> <span class='ocrx_word' id='word_1_56' title='bbox 901 899 964 950; x_wconf 85' lang='lat' dir='ltr'>rex</span> <span class='ocrx_word' id='word_1_57' title='bbox 993 874 1064 949; x_wconf 86' lang='lat' dir='ltr'>stne</span> <span class='ocrx_word' id='word_1_58' title='bbox 1093 901 1178 976; x_wconf 84' lang='lat' dir='ltr'>pro·</span> 
     </span>
     <span class='ocr_line' id='line_1_8' title="bbox 98 975 1178 1082; baseline 0 -30"><span class='ocrx_word' id='word_1_59' title='bbox 98 1031 123 1069; x_wconf 89' lang='lat'><strong>„</strong></span> <span class='ocrx_word' id='word_1_60' title='bbox 150 975 184 1053; x_wconf 90' lang='lat' dir='ltr'>le</span> <span class='ocrx_word' id='word_1_61' title='bbox 208 982 423 1077; x_wconf 82' lang='lat' dir='ltr'>decederet,</span> <span class='ocrx_word' id='word_1_62' title='bbox 450 981 488 1053; x_wconf 93' lang='lat' dir='ltr'>in</span> <span class='ocrx_word' id='word_1_63' title='bbox 515 1003 629 1081; x_wconf 87' lang='lat' dir='ltr'>regno</span> <span class='ocrx_word' id='word_1_64' title='bbox 656 981 835 1082; x_wconf 82' lang='lat' dir='ltr'>Vagariae</span> <span class='ocrx_word' id='word_1_65' title='bbox 857 981 1089 1080; x_wconf 85' lang='lat' dir='ltr'>competebat</span> <span class='ocrx_word' id='word_1_66' title='bbox 1122 1005 1178 1055; x_wconf 82' lang='lat' dir='ltr'>or·</span> 
     </span>
     <span class='ocr_line' id='line_1_9' title="bbox 10 1083 1174 1186; baseline 0.002 -28"><span class='ocrx_word' id='word_1_67' title='bbox 10 1151 14 1158; x_wconf 92' lang='lat'><em>.</em></span> <span class='ocrx_word' id='word_1_68' title='bbox 97 1139 121 1174; x_wconf 92' lang='lat'>„</span> <span class='ocrx_word' id='word_1_69' title='bbox 151 1086 234 1163; x_wconf 87' lang='lat' dir='ltr'>dine</span> <span class='ocrx_word' id='word_1_70' title='bbox 262 1089 468 1186; x_wconf 85' lang='lat' dir='ltr'>geniturae,</span> <span class='ocrx_word' id='word_1_71' title='bbox 498 1087 738 1185; x_wconf 82' lang='lat' dir='ltr'>priuandum;</span> <span class='ocrx_word' id='word_1_72' title='bbox 764 1104 802 1158; x_wconf 88' lang='lat' dir='ltr'>et</span> <span class='ocrx_word' id='word_1_73' title='bbox 821 1107 975 1186; x_wconf 82' lang='lat' dir='ltr'>regnum</span> <span class='ocrx_word' id='word_1_74' title='bbox 996 1083 1110 1186; x_wconf 87' lang='lat' dir='ltr'>ipsum</span> <span class='ocrx_word' id='word_1_75' title='bbox 1126 1087 1174 1166; x_wconf 89' lang='lat' dir='ltr'>ad</span> 
     </span>
     <span class='ocr_line' id='line_1_10' title="bbox 97 1189 1177 1280; baseline 0.001 -17"><span class='ocrx_word' id='word_1_76' title='bbox 97 1243 120 1280; x_wconf 89' lang='lat'>,‚</span> <span class='ocrx_word' id='word_1_77' title='bbox 148 1192 326 1265; x_wconf 82' lang='lat' dir='ltr'>minorem</span> <span class='ocrx_word' id='word_1_78' title='bbox 358 1190 517 1266; x_wconf 88' lang='lat' dir='ltr'>fratrem·</span> <span class='ocrx_word' id='word_1_79' title='bbox 540 1211 647 1264; x_wconf 92' lang='lat' dir='ltr'>tuum</span> <span class='ocrx_word' id='word_1_80' title='bbox 673 1229 724 1248; x_wconf 89' lang='lat'>-</span> <span class='ocrx_word' id='word_1_81' title='bbox 759 1189 1043 1267; x_wconf 80' lang='lat' dir='ltr'>deuoluendum.</span> <span class='ocrx_word' id='word_1_82' title='bbox 1069 1232 1121 1258; x_wconf 80' lang='grc' dir='ltr'>-ι</span> <span class='ocrx_word' id='word_1_83' title='bbox 1149 1203 1177 1244; x_wconf 66' lang='lat'>‘³</span> 
     </span>
     <span class='ocr_line' id='line_1_11' title="bbox 97 1291 1176 1376; baseline 0.007 -12"><span class='ocrx_word' id='word_1_84' title='bbox 97 1291 253 1369; x_wconf 88' lang='lat' dir='ltr'>Nullum</span> <span class='ocrx_word' id='word_1_85' title='bbox 279 1299 318 1368; x_wconf 90' lang='lat' dir='ltr'>in</span> <span class='ocrx_word' id='word_1_86' title='bbox 333 1295 485 1370; x_wconf 86' lang='lat' dir='ltr'>historiis</span> <span class='ocrx_word' id='word_1_87' title='bbox 502 1297 677 1371; x_wconf 88' lang='lat' dir='ltr'>indicium</span> <span class='ocrx_word' id='word_1_88' title='bbox 696 1295 742 1370; x_wconf 85' lang='lat' dir='ltr'>de</span> <span class='ocrx_word' id='word_1_89' title='bbox 758 1298 901 1373; x_wconf 88' lang='lat' dir='ltr'>minore</span> <span class='ocrx_word' id='word_1_90' title='bbox 917 1299 990 1373; x_wconf 91' lang='lat' dir='ltr'>hoc</span> <span class='ocrx_word' id='word_1_91' title='bbox 1004 1293 1176 1376; x_wconf 85' lang='lat' dir='ltr'>Andreae</span> 
     </span>
     <span class='ocr_line' id='line_1_12' title="bbox 94 1396 1177 1503; baseline 0.009 -32.272"><span class='ocrx_word' id='word_1_92' title='bbox 94 1396 227 1500; x_wconf 86' lang='lat' dir='ltr'>sratre,</span> <span class='ocrx_word' id='word_1_93' title='bbox 255 1400 384 1476; x_wconf 89' lang='lat' dir='ltr'>latiore</span> <span class='ocrx_word' id='word_1_94' title='bbox 409 1399 523 1478; x_wconf 86' lang='lat' dir='ltr'>forsan</span> <span class='ocrx_word' id='word_1_95' title='bbox 547 1399 646 1476; x_wconf 88' lang='lat' dir='ltr'>sensu</span> <span class='ocrx_word' id='word_1_96' title='bbox 676 1399 721 1474; x_wconf 84' lang='lat' dir='ltr'>fic</span> <span class='ocrx_word' id='word_1_97' title='bbox 750 1397 872 1500; x_wconf 65' lang='lat' dir='ltr'>dado,</span> <span class='ocrx_word' id='word_1_98' title='bbox 899 1403 1084 1481; x_wconf 87' lang='lat' dir='ltr'>habemus.</span> <span class='ocrx_word' id='word_1_99' title='bbox 1098 1437 1101 1442; x_wconf 18' lang='grc' dir='ltr'>λ</span> <span class='ocrx_word' id='word_1_100' title='bbox 1115 1407 1177 1503; x_wconf 86' lang='lat' dir='ltr'>(a)</span> 
     </span>
    </p>
   </div>
   <div class='ocr_carea' id='block_1_3' title="bbox 8 1613 1227 3995">
    <p class='ocr_par' dir='ltr' id='par_1_3' title="bbox 8 1613 1227 3995">
     <span class='ocr_line' id='line_1_13' title="bbox 190 1613 1176 1717; baseline 0.003 -27"><span class='ocrx_word' id='word_1_101' title='bbox 190 1615 414 1692; x_wconf 80' lang='lat' dir='ltr'>ccxcvlrl.</span> <span class='ocrx_word' id='word_1_102' title='bbox 441 1619 480 1692; x_wconf 83' lang='lat' dir='ltr'>Si</span> <span class='ocrx_word' id='word_1_103' title='bbox 504 1619 580 1692; x_wconf 88' lang='lat' dir='ltr'>dux</span> <span class='ocrx_word' id='word_1_104' title='bbox 603 1615 769 1690; x_wconf 86' lang='lat' dir='ltr'>Andreas</span> <span class='ocrx_word' id='word_1_105' title='bbox 796 1615 842 1688; x_wconf 84' lang='lat' dir='ltr'>ad</span> <span class='ocrx_word' id='word_1_106' title='bbox 868 1613 999 1688; x_wconf 86' lang='lat' dir='ltr'>sacram</span> <span class='ocrx_word' id='word_1_107' title='bbox 1031 1619 1176 1717; x_wconf 86' lang='lat' dir='ltr'>expedi·</span> 
     </span>
     <span class='ocr_line' id='line_1_14' title="bbox 91 1722 1174 1820; baseline 0 -24"><span class='ocrx_word' id='word_1_108' title='bbox 91 1725 233 1796; x_wconf 85' lang='lat' dir='ltr'>tionem</span> <span class='ocrx_word' id='word_1_109' title='bbox 246 1781 258 1820; x_wconf 89' lang='lat'>,</span> <span class='ocrx_word' id='word_1_110' title='bbox 285 1723 357 1795; x_wconf 90' lang='lat' dir='ltr'>hoc</span> <span class='ocrx_word' id='word_1_111' title='bbox 378 1725 531 1796; x_wconf 89' lang='lat' dir='ltr'>admoto</span> <span class='ocrx_word' id='word_1_112' title='bbox 561 1741 718 1817; x_wconf 90' lang='lat' dir='ltr'>terrore,</span> <span class='ocrx_word' id='word_1_113' title='bbox 755 1723 960 1820; x_wconf 88' lang='lat' dir='ltr'>permoueri</span> <span class='ocrx_word' id='word_1_114' title='bbox 984 1722 1174 1820; x_wconf 64' lang='lat' dir='ltr'>potuissem</span> 
     </span>
     <span class='ocr_line' id='line_1_15' title="bbox 95 1821 1174 1921; baseline 0.005 -23"><span class='ocrx_word' id='word_1_115' title='bbox 95 1825 380 1921; x_wconf 79' lang='lat' dir='ltr'>futorum&#39;erat,</span> <span class='ocrx_word' id='word_1_116' title='bbox 415 1845 458 1899; x_wconf 88' lang='lat' dir='ltr'>vt</span> <span class='ocrx_word' id='word_1_117' title='bbox 482 1849 633 1902; x_wconf 86' lang='lat' dir='ltr'>omnem</span> <span class='ocrx_word' id='word_1_118' title='bbox 665 1823 822 1900; x_wconf 80' lang='lat' dir='ltr'>intestini</span> <span class='ocrx_word' id='word_1_119' title='bbox 847 1821 929 1900; x_wconf 89' lang='lat' dir='ltr'>belli</span> <span class='ocrx_word' id='word_1_120' title='bbox 957 1845 1097 1915; x_wconf 83' lang='lat' dir='ltr'>metum</span> <span class='ocrx_word' id='word_1_121' title='bbox 1125 1826 1174 1903; x_wconf 89' lang='lat' dir='ltr'>se·</span> 
     </span>
     <span class='ocr_line' id='line_1_16' title="bbox 89 1927 1211 2030; baseline 0.001 -23"><span class='ocrx_word' id='word_1_122' title='bbox 89 1957 178 2007; x_wconf 85' lang='lat' dir='ltr'>cum</span> <span class='ocrx_word' id='word_1_123' title='bbox 203 1929 363 2007; x_wconf 73' lang='lat' dir='ltr'>auferret.</span> <span class='ocrx_word' id='word_1_124' title='bbox 415 1931 508 2006; x_wconf 75' lang='lat' dir='ltr'>eda</span> <span class='ocrx_word' id='word_1_125' title='bbox 523 1949 652 2030; x_wconf 25' lang='lat' dir='ltr'>*tamen</span> <span class='ocrx_word' id='word_1_126' title='bbox 679 1934 710 2004; x_wconf 90' lang='lat' dir='ltr'>is</span> <span class='ocrx_word' id='word_1_127' title='bbox 742 1931 891 2012; x_wconf 75' lang='lat' dir='ltr'>turbare,</span> <span class='ocrx_word' id='word_1_128' title='bbox 921 1933 1087 2008; x_wconf 89' lang='lat' dir='ltr'>nondum</span> <span class='ocrx_word' id='word_1_129' title='bbox 1110 1928 1180 2009; x_wconf 50' lang='lat' dir='ltr'>d&#39;e«</span> <span class='ocrx_word' id='word_1_130' title='bbox 1207 1927 1211 1940; x_wconf 85' lang='grc'>’</span> 
     </span>
     <span class='ocr_line' id='line_1_17' title="bbox 92 2033 1171 2124; baseline 0.002 -12"><span class='ocrx_word' id='word_1_131' title='bbox 92 2037 202 2124; x_wconf 82' lang='lat' dir='ltr'>stitit3</span> <span class='ocrx_word' id='word_1_132' title='bbox 235 2039 341 2110; x_wconf 91' lang='lat' dir='ltr'>nouis</span> <span class='ocrx_word' id='word_1_133' title='bbox 365 2033 494 2110; x_wconf 79' lang='lat' dir='ltr'>litteris</span> <span class='ocrx_word' id='word_1_134' title='bbox 519 2039 759 2112; x_wconf 85' lang='lat' dir='ltr'>Innocentius</span> <span class='ocrx_word' id='word_1_135' title='bbox 790 2039 851 2110; x_wconf 91' lang='lat'>111.</span> <span class='ocrx_word' id='word_1_136' title='bbox 876 2037 1045 2110; x_wconf 87' lang='lat' dir='ltr'>eumdem</span> <span class='ocrx_word' id='word_1_137' title='bbox 1072 2035 1171 2114; x_wconf 87' lang='lat' dir='ltr'>sorti·</span> 
     </span>
     <span class='ocr_line' id='line_1_18' title="bbox 89 2140 1172 2220; baseline 0.004 -4"><span class='ocrx_word' id='word_1_138' title='bbox 89 2164 149 2217; x_wconf 86' lang='lat' dir='ltr'>ter</span> <span class='ocrx_word' id='word_1_139' title='bbox 178 2163 216 2216; x_wconf 88' lang='lat' dir='ltr'>et</span> <span class='ocrx_word' id='word_1_140' title='bbox 247 2140 400 2216; x_wconf 85' lang='lat' dir='ltr'>suauiter</span> <span class='ocrx_word' id='word_1_141' title='bbox 423 2145 467 2214; x_wconf 87' lang='lat' dir='ltr'>ad</span> <span class='ocrx_word' id='word_1_142' title='bbox 501 2143 675 2220; x_wconf 87' lang='lat' dir='ltr'>vnionem</span> <span class='ocrx_word' id='word_1_143' title='bbox 714 2161 754 2218; x_wconf 88' lang='lat' dir='ltr'>et</span> <span class='ocrx_word' id='word_1_144' title='bbox 785 2160 948 2216; x_wconf 90' lang='lat' dir='ltr'>mutuam</span> <span class='ocrx_word' id='word_1_145' title='bbox 982 2145 1172 2220; x_wconf 86' lang='lat' dir='ltr'>caritatem</span> 
     </span>
     <span class='ocr_line' id='line_1_19' title="bbox 87 2243 1165 2348; baseline 0.004 -28"><span class='ocrx_word' id='word_1_146' title='bbox 87 2247 323 2344; x_wconf 72' lang='lat' dir='ltr'>cohortatur,</span> <span class='ocrx_word' id='word_1_147' title='bbox 348 2247 537 2344; x_wconf 81' lang='lat' dir='ltr'>acaddit,</span> <span class='ocrx_word' id='word_1_148' title='bbox 565 2244 599 2321; x_wconf 88' lang='lat' dir='ltr'>se</span> <span class='ocrx_word' id='word_1_149' title='bbox 618 2243 796 2324; x_wconf 82' lang='lat' dir='ltr'>mandasse</span> <span class='ocrx_word' id='word_1_150' title='bbox 824 2245 1087 2348; x_wconf 86' lang='lat' dir='ltr'>praesentibus,</span> <span class='ocrx_word' id='word_1_151' title='bbox 1102 2246 1165 2343; x_wconf 85' lang='lat' dir='ltr'>(b)</span> 
     </span>
     <span class='ocr_line' id='line_1_20' title="bbox 89 2351 1171 2460; baseline 0.002 -32"><span class='ocrx_word' id='word_1_152' title='bbox 89 2376 154 2451; x_wconf 81' lang='lat' dir='ltr'>vt,</span> <span class='ocrx_word' id='word_1_153' title='bbox 171 2352 214 2456; x_wconf 78' lang='lat' dir='ltr'><em>fi</em></span> <span class='ocrx_word' id='word_1_154' title='bbox 230 2374 351 2434; x_wconf 81' lang='lat' dir='ltr'>contra</span> <span class='ocrx_word' id='word_1_155' title='bbox 381 2369 606 2432; x_wconf 79' lang='lat' dir='ltr'>mernoratum</span> <span class='ocrx_word' id='word_1_156' title='bbox 635 2377 753 2460; x_wconf 81' lang='lat' dir='ltr'>regem</span> <span class='ocrx_word' id='word_1_157' title='bbox 780 2379 882 2430; x_wconf 86' lang='lat' dir='ltr'>orma</span> <span class='ocrx_word' id='word_1_158' title='bbox 905 2377 1037 2430; x_wconf 83' lang='lat' dir='ltr'>mouere</span> <span class='ocrx_word' id='word_1_159' title='bbox 1054 2351 1171 2456; x_wconf 81' lang='lat' dir='ltr'>velse-</span> 
     </span>
     <span class='ocr_line' id='line_1_21' title="bbox 87 2451 1172 2560; baseline 0.004 -26"><span class='ocrx_word' id='word_1_160' title='bbox 87 2456 256 2538; x_wconf 82' lang='lat' dir='ltr'>ditr&#39;onem</span> <span class='ocrx_word' id='word_1_161' title='bbox 277 2463 437 2536; x_wconf 76' lang='lat' dir='ltr'>excitare</span> <span class='ocrx_word' id='word_1_162' title='bbox 454 2453 701 2560; x_wconf 74' lang='lat' dir='ltr'>praesuaserit</span> <span class='ocrx_word' id='word_1_163' title='bbox 712 2487 727 2550; x_wconf 88' lang='grc'>,·</span> <span class='ocrx_word' id='word_1_164' title='bbox 752 2451 924 2559; x_wconf 77' lang='lat' dir='ltr'>ipfitm-</span> <span class='ocrx_word' id='word_1_165' title='bbox 940 2467 1172 2542; x_wconf 77' lang='lat' dir='ltr'>excommuni-</span> 
     </span>
     <span class='ocr_line' id='line_1_22' title="bbox 87 2563 1173 2664; baseline 0.006 -30"><span class='ocrx_word' id='word_1_166' title='bbox 87 2571 242 2642; x_wconf 79' lang='lat' dir='ltr'>cationis</span> <span class='ocrx_word' id='word_1_167' title='bbox 255 2563 437 2664; x_wconf 79' lang='lat' dir='ltr'>sententia</span> <span class='ocrx_word' id='word_1_168' title='bbox 448 2567 605 2664; x_wconf 82' lang='lat' dir='ltr'>feriant.</span> <span class='ocrx_word' id='word_1_169' title='bbox 656 2563 842 2638; x_wconf 88' lang='lat' dir='ltr'>Abbatem</span> <span class='ocrx_word' id='word_1_170' title='bbox 870 2566 978 2637; x_wconf 78' lang='lat' dir='ltr'>etiam</span> <span class='ocrx_word' id='word_1_171' title='bbox 1015 2570 1048 2638; x_wconf 91' lang='lat' dir='ltr'>S.</span> <span class='ocrx_word' id='word_1_172' title='bbox 1074 2571 1173 2640; x_wconf 90' lang='lat' dir='ltr'>Mar·</span> 
     </span>
     <span class='ocr_line' id='line_1_23' title="bbox 92 2665 1170 2766; baseline 0.01 -33"><span class='ocrx_word' id='word_1_173' title='bbox 92 2671 186 2766; x_wconf 78' lang='lat' dir='ltr'>tini,</span> <span class='ocrx_word' id='word_1_174' title='bbox 214 2667 373 2744; x_wconf 84' lang='lat' dir='ltr'>delatum</span> <span class='ocrx_word' id='word_1_175' title='bbox 410 2670 455 2740; x_wconf 90' lang='lat' dir='ltr'>ab</span> <span class='ocrx_word' id='word_1_176' title='bbox 487 2668 655 2746; x_wconf 87' lang='lat' dir='ltr'>Emerico</span> <span class='ocrx_word' id='word_1_177' title='bbox 689 2671 736 2742; x_wconf 90' lang='lat' dir='ltr'>de</span> <span class='ocrx_word' id='word_1_178' title='bbox 770 2665 1056 2766; x_wconf 83' lang='lat' dir='ltr'>conspiratione,</span> <span class='ocrx_word' id='word_1_179' title='bbox 1083 2693 1170 2746; x_wconf 88' lang='lat' dir='ltr'>cum</span> 
     </span>
     <span class='ocr_line' id='line_1_24' title="bbox 8 2768 1172 2868; baseline 0.003 -22"><span class='ocrx_word' id='word_1_180' title='bbox 8 2839 13 2854; x_wconf 88' lang='grc'>,</span> <span class='ocrx_word' id='word_1_181' title='bbox 94 2777 244 2848; x_wconf 85' lang='lat' dir='ltr'>Andrea</span> <span class='ocrx_word' id='word_1_182' title='bbox 272 2789 398 2846; x_wconf 80' lang='lat' dir='ltr'>contra</span> <span class='ocrx_word' id='word_1_183' title='bbox 418 2769 450 2844; x_wconf 91' lang='lat' dir='ltr'>se</span> <span class='ocrx_word' id='word_1_184' title='bbox 474 2768 590 2868; x_wconf 71' lang='lat' dir='ltr'>sada,</span> <span class='ocrx_word' id='word_1_185' title='bbox 616 2775 770 2846; x_wconf 87' lang='lat' dir='ltr'>Romam</span> <span class='ocrx_word' id='word_1_186' title='bbox 790 2773 836 2844; x_wconf 89' lang='lat' dir='ltr'>ad</span> <span class='ocrx_word' id='word_1_187' title='bbox 859 2773 1050 2848; x_wconf 83' lang='lat' dir='ltr'>dicendam</span> <span class='ocrx_word' id='word_1_188' title='bbox 1076 2775 1172 2850; x_wconf 87' lang='lat' dir='ltr'>caus·</span> 
     </span>
     <span class='ocr_line' id='line_1_25' title="bbox 88 2873 1202 2976; baseline 0.004 -26"><span class='ocrx_word' id='word_1_189' title='bbox 88 2877 159 2950; x_wconf 88' lang='lat' dir='ltr'>sam</span> <span class='ocrx_word' id='word_1_190' title='bbox 179 2877 362 2952; x_wconf 85' lang='lat' dir='ltr'>euocauit.</span> <span class='ocrx_word' id='word_1_191' title='bbox 390 2879 446 2970; x_wconf 86' lang='lat' dir='ltr'>(c)</span> <span class='ocrx_word' id='word_1_192' title='bbox 476 2875 619 2976; x_wconf 88' lang='lat' dir='ltr'>Scripsrt</span> <span class='ocrx_word' id='word_1_193' title='bbox 658 2877 841 2950; x_wconf 86' lang='lat' dir='ltr'>etiamad</span> <span class='ocrx_word' id='word_1_194' title='bbox 872 2873 1036 2976; x_wconf 86' lang='lat' dir='ltr'>Saulem,</span> <span class='ocrx_word' id='word_1_195' title='bbox 1070 2883 1202 2966; x_wconf 48' lang='lat' dir='ltr'>arem</span> 
     </span>
     <span class='ocr_line' id='line_1_26' title="bbox 90 2979 1165 3088; baseline 0.009 -34"><span class='ocrx_word' id='word_1_196' title='bbox 90 2979 326 3061; x_wconf 88' lang='lat' dir='ltr'>Coloccnsem</span> <span class='ocrx_word' id='word_1_197' title='bbox 337 3007 351 3070; x_wconf 75' lang='lat'>5</span> <span class='ocrx_word' id='word_1_198' title='bbox 378 2981 557 3084; x_wconf 83' lang='lat' dir='ltr'>Vgrinum</span> <span class='ocrx_word' id='word_1_199' title='bbox 578 2984 670 3057; x_wconf 88' lang='lat' dir='ltr'>laur.</span> <span class='ocrx_word' id='word_1_200' title='bbox 697 2981 936 3058; x_wconf 88' lang='lat' dir='ltr'>Dominicum</span> <span class='ocrx_word' id='word_1_201' title='bbox 955 2986 1165 3088; x_wconf 84' lang='lat' dir='ltr'>Zagrabien.</span> 
     </span>
     <span class='ocr_line' id='line_1_27' title="bbox 85 3085 1167 3190; baseline 0.006 -29"><span class='ocrx_word' id='word_1_202' title='bbox 85 3087 279 3190; x_wconf 81' lang='lat' dir='ltr'>episcopos</span> <span class='ocrx_word' id='word_1_203' title='bbox 301 3091 340 3162; x_wconf 90' lang='lat' dir='ltr'>in</span> <span class='ocrx_word' id='word_1_204' title='bbox 362 3089 451 3164; x_wconf 82' lang='lat' dir='ltr'>haec</span> <span class='ocrx_word' id='word_1_205' title='bbox 478 3087 604 3161; x_wconf 88' lang='lat' dir='ltr'>verba:</span> <span class='ocrx_word' id='word_1_206' title='bbox 629 3085 694 3180; x_wconf 83' lang='lat' dir='ltr'>(d)</span> <span class='ocrx_word' id='word_1_207' title='bbox 740 3125 793 3148; x_wconf 89' lang='lat'>···</span> <span class='ocrx_word' id='word_1_208' title='bbox 841 3141 865 3179; x_wconf 90' lang='lat'>„</span> <span class='ocrx_word' id='word_1_209' title='bbox 887 3091 1009 3164; x_wconf 71' lang='lat' dir='ltr'>fluum</span> <span class='ocrx_word' id='word_1_210' title='bbox 1038 3089 1167 3168; x_wconf 86' lang='lat' dir='ltr'>ornnes</span> 
     </span>
     <span class='ocr_line' id='line_1_28' title="bbox 14 3187 1165 3292; baseline 0.001 -21"><span class='ocrx_word' id='word_1_211' title='bbox 14 3217 36 3232; x_wconf 76' lang='grc'>·’</span> <span class='ocrx_word' id='word_1_212' title='bbox 86 3249 112 3287; x_wconf 86' lang='grc'>,,</span> <span class='ocrx_word' id='word_1_213' title='bbox 142 3197 455 3272; x_wconf 83' lang='lat' dir='ltr'>communicantes</span> <span class='ocrx_word' id='word_1_214' title='bbox 479 3195 516 3266; x_wconf 90' lang='lat' dir='ltr'>in</span> <span class='ocrx_word' id='word_1_215' title='bbox 542 3187 663 3292; x_wconf 88' lang='lat' dir='ltr'>aliquo</span> <span class='ocrx_word' id='word_1_216' title='bbox 689 3197 738 3268; x_wconf 81' lang='lat' dir='ltr'>A.</span> <span class='ocrx_word' id='word_1_217' title='bbox 758 3189 856 3267; x_wconf 87' lang='lat' dir='ltr'>fratri</span> <span class='ocrx_word' id='word_1_218' title='bbox 874 3189 1036 3270; x_wconf 76' lang='lat' dir='ltr'>carissimi</span> <span class='ocrx_word' id='word_1_219' title='bbox 1059 3198 1096 3269; x_wconf 90' lang='lat' dir='ltr'>in</span> <span class='ocrx_word' id='word_1_220' title='bbox 1122 3197 1165 3272; x_wconf 89' lang='lat' dir='ltr'>C.</span> 
     </span>
     <span class='ocr_line' id='line_1_29' title="bbox 89 3295 1165 3401; baseline 0.002 -25"><span class='ocrx_word' id='word_1_221' title='bbox 89 3349 113 3386; x_wconf 90' lang='lat'>,‚</span> <span class='ocrx_word' id='word_1_222' title='bbox 142 3301 205 3376; x_wconf 85' lang='lat' dir='ltr'>filii</span> <span class='ocrx_word' id='word_1_223' title='bbox 222 3301 354 3397; x_wconf 82' lang='lat' dir='ltr'>nostri,</span> <span class='ocrx_word' id='word_1_224' title='bbox 373 3304 605 3401; x_wconf 82' lang='lat' dir='ltr'>Vngarorum</span> <span class='ocrx_word' id='word_1_225' title='bbox 623 3300 717 3398; x_wconf 85' lang='lat' dir='ltr'>regis</span> <span class='ocrx_word' id='word_1_226' title='bbox 734 3295 874 3373; x_wconf 85' lang='lat' dir='ltr'>illustris</span> <span class='ocrx_word' id='word_1_227' title='bbox 881 3321 895 3384; x_wconf 84' lang='lat'>;</span> <span class='ocrx_word' id='word_1_228' title='bbox 921 3335 974 3359; x_wconf 92' lang='lat'><em>-</em></span> <span class='ocrx_word' id='word_1_229' title='bbox 998 3301 1046 3377; x_wconf 87' lang='lat' dir='ltr'>de</span> <span class='ocrx_word' id='word_1_230' title='bbox 1066 3322 1165 3378; x_wconf 86' lang='lat' dir='ltr'>man·</span> 
     </span>
     <span class='ocr_line' id='line_1_30' title="bbox 86 3401 1164 3506; baseline 0.002 -28"><span class='ocrx_word' id='word_1_231' title='bbox 86 3457 113 3498; x_wconf 80' lang='lat'><strong>„</strong></span> <span class='ocrx_word' id='word_1_232' title='bbox 140 3407 226 3480; x_wconf 90' lang='lat' dir='ltr'>dato</span> <span class='ocrx_word' id='word_1_233' title='bbox 249 3409 336 3481; x_wconf 90' lang='lat' dir='ltr'>bon.</span> <span class='ocrx_word' id='word_1_234' title='bbox 364 3429 473 3482; x_wconf 84' lang='lat' dir='ltr'>mem.</span> <span class='ocrx_word' id='word_1_235' title='bbox 503 3403 542 3479; x_wconf 88' lang='lat' dir='ltr'>C.</span> <span class='ocrx_word' id='word_1_236' title='bbox 571 3425 705 3504; x_wconf 88' lang='lat' dir='ltr'>papae,</span> <span class='ocrx_word' id='word_1_237' title='bbox 731 3401 1006 3504; x_wconf 75' lang='lat' dir='ltr'>praedecessoris</span> <span class='ocrx_word' id='word_1_238' title='bbox 1031 3405 1164 3506; x_wconf 83' lang='lat' dir='ltr'>nostri,</span> 
     </span>
     <span class='ocr_line' id='line_1_31' title="bbox 85 3505 1227 3600; baseline -0.002 -12"><span class='ocrx_word' id='word_1_239' title='bbox 85 3557 111 3598; x_wconf 84' lang='lat'>‚‚</span> <span class='ocrx_word' id='word_1_240' title='bbox 139 3511 526 3588; x_wconf 81' lang='lat' dir='ltr'>excommunicationis</span> <span class='ocrx_word' id='word_1_241' title='bbox 552 3505 690 3586; x_wconf 73' lang='lat' dir='ltr'>facerint</span> <span class='ocrx_word' id='word_1_242' title='bbox 716 3507 864 3586; x_wconf 86' lang='lat' dir='ltr'>vinculo</span> <span class='ocrx_word' id='word_1_243' title='bbox 890 3511 1077 3600; x_wconf 81' lang='lat' dir='ltr'>innodati3</span> <span class='ocrx_word' id='word_1_244' title='bbox 1110 3517 1163 3588; x_wconf 87' lang='lat' dir='ltr'>N.</span> <span class='ocrx_word' id='word_1_245' title='bbox 1224 3529 1227 3535; x_wconf 85' lang='grc'><strong>’</strong></span> 
     </span>
     <span class='ocr_line' id='line_1_32' title="bbox 90 3636 1161 3792; baseline 0.008 -28"><span class='ocrx_word' id='word_1_246' title='bbox 90 3636 1161 3792; x_wconf 42' lang='lat' dir='ltr'>4⁸*AE</span> 
     </span>
     <span class='ocr_line' id='line_1_33' title="bbox 8 3817 1161 3906; baseline 0.01 -25"><span class='ocrx_word' id='word_1_247' title='bbox 8 3901 9 3906; x_wconf 8' lang='grc' dir='ltr'>η</span> <span class='ocrx_word' id='word_1_248' title='bbox 126 3821 172 3902; x_wconf 79' lang='lat' dir='ltr'>(a)</span> <span class='ocrx_word' id='word_1_249' title='bbox 194 3821 265 3883; x_wconf 79' lang='lat' dir='ltr'>Hist.</span> <span class='ocrx_word' id='word_1_250' title='bbox 283 3817 333 3882; x_wconf 84' lang='lat' dir='ltr'>Cr.</span> <span class='ocrx_word' id='word_1_251' title='bbox 350 3819 386 3880; x_wconf 83' lang='grc' dir='ltr'>Τ.</span> <span class='ocrx_word' id='word_1_252' title='bbox 399 3820 453 3882; x_wconf 86' lang='lat' dir='ltr'>lv.</span> <span class='ocrx_word' id='word_1_253' title='bbox 490 3839 695 3903; x_wconf 71' lang='lat'><strong>‚474-480·</strong></span> <span class='ocrx_word' id='word_1_254' title='bbox 730 3819 777 3901; x_wconf 78' lang='lat' dir='ltr'>(b)</span> <span class='ocrx_word' id='word_1_255' title='bbox 796 3821 872 3890; x_wconf 75' lang='lat' dir='ltr'>Edit.</span> <span class='ocrx_word' id='word_1_256' title='bbox 891 3823 968 3884; x_wconf 74' lang='lat' dir='ltr'>Rom</span> <span class='ocrx_word' id='word_1_257' title='bbox 995 3821 1161 3896; x_wconf 61' lang='lat' dir='ltr'>mcxix.</span> 
     </span>
     <span class='ocr_line' id='line_1_34' title="bbox 176 3841 1161 3995; baseline 0.009 -30"><span class='ocrx_word' id='word_1_258' title='bbox 176 3925 206 3988; x_wconf 82' lang='lat' dir='ltr'>p.</span> <span class='ocrx_word' id='word_1_259' title='bbox 232 3921 262 3968; x_wconf 83' lang='lat'>2.</span> <span class='ocrx_word' id='word_1_260' title='bbox 305 3895 351 3982; x_wconf 79' lang='lat' dir='ltr'>(c)</span> <span class='ocrx_word' id='word_1_261' title='bbox 372 3903 445 3970; x_wconf 85' lang='lat' dir='ltr'>lbid.</span> <span class='ocrx_word' id='word_1_262' title='bbox 466 3841 498 3974; x_wconf 57' lang='lat' dir='ltr'>E.</span> <span class='ocrx_word' id='word_1_263' title='bbox 517 3905 572 3970; x_wconf 88' lang='lat'>111.</span> <span class='ocrx_word' id='word_1_264' title='bbox 594 3914 626 3988; x_wconf 76' lang='grc' dir='ltr'>Ρ.</span> <span class='ocrx_word' id='word_1_265' title='bbox 648 3930 679 3976; x_wconf 73' lang='lat' dir='ltr'>a·</span> <span class='ocrx_word' id='word_1_266' title='bbox 704 3903 752 3984; x_wconf 64' lang='lat' dir='ltr'>(l)</span> <span class='ocrx_word' id='word_1_267' title='bbox 772 3905 819 3975; x_wconf 77' lang='lat' dir='ltr'>lb.</span> <span class='ocrx_word' id='word_1_268' title='bbox 837 3905 870 3974; x_wconf 71' lang='lat' dir='ltr'>F·</span> <span class='ocrx_word' id='word_1_269' title='bbox 883 3905 1105 3995; x_wconf 69' lang='lat' dir='ltr'>ccxtvltp.</span> <span class='ocrx_word' id='word_1_270' title='bbox 1128 3933 1161 3978; x_wconf 72' lang='lat' dir='ltr'>a·</span> 
     </span>
    </p>
   </div>
   <div class='ocr_carea' id='block_1_4' title="bbox 38 4009 775 4134">
    <p class='ocr_par' dir='ltr' id='par_1_4' title="bbox 38 4009 775 4134">
     <span class='ocr_line' id='line_1_35' title="bbox 38 4009 775 4134; baseline -0.005 -20"><span class='ocrx_word' id='word_1_271' title='bbox 38 4099 46 4114; x_wconf 90' lang='lat'><strong>.</strong></span> <span class='ocrx_word' id='word_1_272' title='bbox 134 4029 232 4134; x_wconf 76' lang='lat' dir='ltr'>Epic.</span> <span class='ocrx_word' id='word_1_273' title='bbox 256 4023 480 4110; x_wconf 62' lang='lat' dir='ltr'>corvaris.</span> <span class='ocrx_word' id='word_1_274' title='bbox 607 4009 611 4016; x_wconf 34' lang='lat'><strong><em>⁵</em></strong></span> <span class='ocrx_word' id='word_1_275' title='bbox 691 4033 775 4110; x_wconf 81' lang='lat' dir='ltr'>Aa</span> 
     </span>
    </p>
   </div>
   <div class='ocr_carea' id='block_1_5' title="bbox 0 0 1382 4306">
    <p class='ocr_par' dir='ltr' id='par_1_5' title="bbox 0 0 1382 4306">
     <span class='ocr_line' id='line_1_36' title="bbox 0 0 1382 4306; baseline 0 5"><span class='ocrx_word' id='word_1_276' title='bbox 0 0 1382 4306; x_wconf 95' lang='lat' dir='ltr'> </span> 
     </span>
    </p>
   </div>
  </div>
 </body>
</html>
