<?xml version="1.0" encoding="UTF-8"?>
<!DOCTYPE html PUBLIC "-//W3C//DTD XHTML 1.0 Transitional//EN"
    "http://www.w3.org/TR/xhtml1/DTD/xhtml1-transitional.dtd">
<html xmlns="http://www.w3.org/1999/xhtml" xml:lang="en" lang="en">
 <head>
  <title>
</title>
<meta http-equiv="Content-Type" content="text/html;charset=utf-8" />
  <meta name='ocr-system' content='tesseract 3.04.00' />
  <meta name='ocr-capabilities' content='ocr_page ocr_carea ocr_par ocr_line ocrx_word'/>
</head>
<body>
  <div class='ocr_page' id='page_1' title='image "./epitomechronolo01katogoog_0378.png"; bbox 0 0 2754 4306; ppageno 0'>
   <div class='ocr_carea' id='block_1_1' title="bbox 466 161 1128 262">
    <p class='ocr_par' dir='ltr' id='par_1_1' title="bbox 466 161 1128 262">
     <span class='ocr_line' id='line_1_1' title="bbox 466 161 1128 262; baseline 0.015 -28"><span class='ocrx_word' id='word_1_1' title='bbox 466 161 611 234; x_wconf 77' lang='lat' dir='ltr'><strong>nox</strong></span> <span class='ocrx_word' id='word_1_2' title='bbox 660 161 783 238; x_wconf 79' lang='lat' dir='ltr'><strong>xix.</strong></span> <span class='ocrx_word' id='word_1_3' title='bbox 1051 185 1128 262; x_wconf 82' lang='lat'><strong>401</strong></span> 
     </span>
    </p>
   </div>
   <div class='ocr_carea' id='block_1_2' title="bbox 12 322 1287 3184">
    <p class='ocr_par' dir='ltr' id='par_1_2' title="bbox 12 322 1287 3184">
     <span class='ocr_line' id='line_1_2' title="bbox 98 322 1188 436; baseline 0 -26"><span class='ocrx_word' id='word_1_4' title='bbox 98 329 174 428; x_wconf 68' lang='lat' dir='ltr'><strong>da,</strong></span> <span class='ocrx_word' id='word_1_5' title='bbox 188 322 260 429; x_wconf 79' lang='lat' dir='ltr'><strong>fid</strong></span> <span class='ocrx_word' id='word_1_6' title='bbox 273 327 482 430; x_wconf 72' lang='lat' dir='ltr'><strong>perfed&#39;ioni</strong></span> <span class='ocrx_word' id='word_1_7' title='bbox 490 325 623 432; x_wconf 76' lang='lat' dir='ltr'><strong>fialtem</strong></span> <span class='ocrx_word' id='word_1_8' title='bbox 636 335 834 435; x_wconf 79' lang='lat' dir='ltr'><strong>propinqua</strong></span> <span class='ocrx_word' id='word_1_9' title='bbox 848 329 972 431; x_wconf 71' lang='lat' dir='ltr'><strong>finiit</strong></span> <span class='ocrx_word' id='word_1_10' title='bbox 985 339 1033 411; x_wconf 87' lang='lat' dir='ltr'><strong>&#39;in</strong></span> <span class='ocrx_word' id='word_1_11' title='bbox 1051 327 1122 436; x_wconf 71' lang='lat' dir='ltr'><strong>ipsi</strong></span> <span class='ocrx_word' id='word_1_12' title='bbox 1136 357 1188 410; x_wconf 83' lang='lat' dir='ltr'><strong>re·</strong></span> 
     </span>
     <span class='ocr_line' id='line_1_3' title="bbox 89 431 1231 540; baseline 0.004 -28"><span class='ocrx_word' id='word_1_13' title='bbox 89 453 198 540; x_wconf 83' lang='lat' dir='ltr'><strong>perta</strong></span> <span class='ocrx_word' id='word_1_14' title='bbox 206 461 224 528; x_wconf 89' lang='lat'><em>;</em></span> <span class='ocrx_word' id='word_1_15' title='bbox 250 431 283 510; x_wconf 93' lang='lat' dir='ltr'><strong>se</strong></span> <span class='ocrx_word' id='word_1_16' title='bbox 310 435 493 512; x_wconf 83' lang='lat' dir='ltr'><strong>voluntati</strong></span> <span class='ocrx_word' id='word_1_17' title='bbox 523 440 644 540; x_wconf 79' lang='lat' dir='ltr'>regiae</span> <span class='ocrx_word' id='word_1_18' title='bbox 680 433 951 514; x_wconf 73' lang='lat' dir='ltr'><strong>unstruurum.</strong></span> <span class='ocrx_word' id='word_1_19' title='bbox 1003 437 1094 518; x_wconf 85' lang='lat' dir='ltr'><strong>Dat.</strong></span> <span class='ocrx_word' id='word_1_20' title='bbox 1122 437 1187 516; x_wconf 82' lang='lat' dir='ltr'><strong>Fe·</strong></span> <span class='ocrx_word' id='word_1_21' title='bbox 1219 493 1231 516; x_wconf 77' lang='grc'><strong><em>,</em></strong></span> 
     </span>
     <span class='ocr_line' id='line_1_4' title="bbox 98 536 1185 648; baseline -0.001 -25"><span class='ocrx_word' id='word_1_22' title='bbox 98 545 253 639; x_wconf 75' lang='lat' dir='ltr'><strong>tantini,</strong></span> <span class='ocrx_word' id='word_1_23' title='bbox 283 537 370 619; x_wconf 86' lang='lat' dir='ltr'><em>VII.</em></span> <span class='ocrx_word' id='word_1_24' title='bbox 389 539 468 620; x_wconf 85' lang='lat' dir='ltr'><strong>idus</strong></span> <span class='ocrx_word' id='word_1_25' title='bbox 489 541 611 639; x_wconf 83' lang='lat' dir='ltr'><strong>Iunii,</strong></span> <span class='ocrx_word' id='word_1_26' title='bbox 628 560 729 647; x_wconf 84' lang='lat' dir='ltr'><strong>pont.</strong></span> <span class='ocrx_word' id='word_1_27' title='bbox 759 567 819 620; x_wconf 83' lang='lat' dir='ltr'><strong>an.</strong></span> <span class='ocrx_word' id='word_1_28' title='bbox 848 539 919 624; x_wconf 72' lang='lat' dir='ltr'><strong>lit.</strong></span> <span class='ocrx_word' id='word_1_29' title='bbox 971 536 1185 648; x_wconf 79' lang='lat' dir='ltr'><strong>Priusquam</strong></span> 
     </span>
     <span class='ocr_line' id='line_1_5' title="bbox 102 643 1185 752; baseline 0.006 -31"><span class='ocrx_word' id='word_1_30' title='bbox 102 647 162 722; x_wconf 91' lang='lat' dir='ltr'><strong>hic</strong></span> <span class='ocrx_word' id='word_1_31' title='bbox 187 646 414 723; x_wconf 84' lang='lat' dir='ltr'><strong>Bertholdus</strong></span> <span class='ocrx_word' id='word_1_32' title='bbox 434 651 480 722; x_wconf 92' lang='lat' dir='ltr'><strong>ad</strong></span> <span class='ocrx_word' id='word_1_33' title='bbox 514 648 823 752; x_wconf 83' lang='lat' dir='ltr'><strong>metropoiiticam</strong></span> <span class='ocrx_word' id='word_1_34' title='bbox 846 643 946 722; x_wconf 84' lang='lat' dir='ltr'><strong>illam</strong></span> <span class='ocrx_word' id='word_1_35' title='bbox 969 653 1185 752; x_wconf 87' lang='lat' dir='ltr'><strong>dignitatem</strong></span> 
     </span>
     <span class='ocr_line' id='line_1_6' title="bbox 98 748 1188 852; baseline 0.004 -24"><span class='ocrx_word' id='word_1_36' title='bbox 98 748 233 828; x_wconf 66' lang='lat' dir='ltr'><strong>elesius</strong></span> <span class='ocrx_word' id='word_1_37' title='bbox 256 749 372 830; x_wconf 79' lang='lat' dir='ltr'><strong>firiffet</strong></span> <span class='ocrx_word' id='word_1_38' title='bbox 384 778 399 841; x_wconf 77' lang='lat'>3</span> <span class='ocrx_word' id='word_1_39' title='bbox 424 760 601 851; x_wconf 87' lang='lat' dir='ltr'><strong>loannes,</strong></span> <span class='ocrx_word' id='word_1_40' title='bbox 629 757 708 829; x_wconf 89' lang='lat' dir='ltr'><strong>eius</strong></span> <span class='ocrx_word' id='word_1_41' title='bbox 726 749 908 852; x_wconf 81' lang='lat' dir='ltr'><strong>decessor,</strong></span> <span class='ocrx_word' id='word_1_42' title='bbox 934 775 1087 830; x_wconf 85' lang='lat' dir='ltr'><strong>vacante</strong></span> <span class='ocrx_word' id='word_1_43' title='bbox 1102 762 1188 832; x_wconf 83' lang='lat' dir='ltr'><strong>Sui·</strong></span> 
     </span>
     <span class='ocr_line' id='line_1_7' title="bbox 102 853 1186 962; baseline 0.002 -28"><span class='ocrx_word' id='word_1_44' title='bbox 102 859 264 962; x_wconf 85' lang='lat' dir='ltr'><strong>goniensr</strong></span> <span class='ocrx_word' id='word_1_45' title='bbox 287 857 397 960; x_wconf 72' lang='lat' dir='ltr'><strong>sede,</strong></span> <span class='ocrx_word' id='word_1_46' title='bbox 417 884 495 936; x_wconf 91' lang='lat' dir='ltr'><strong>non</strong></span> <span class='ocrx_word' id='word_1_47' title='bbox 520 877 665 935; x_wconf 87' lang='lat' dir='ltr'><strong>tantum</strong></span> <span class='ocrx_word' id='word_1_48' title='bbox 685 853 875 957; x_wconf 79' lang='lat' dir='ltr'><strong>Ladislm,</strong></span> <span class='ocrx_word' id='word_1_49' title='bbox 903 859 1088 936; x_wconf 84' lang='lat' dir='ltr'><strong>sedetiam</strong></span> <span class='ocrx_word' id='word_1_50' title='bbox 1106 867 1186 936; x_wconf 83' lang='lat' dir='ltr'><strong>An·</strong></span> 
     </span>
     <span class='ocr_line' id='line_1_8' title="bbox 102 962 1185 1068; baseline 0.001 -28"><span class='ocrx_word' id='word_1_51' title='bbox 102 967 208 1041; x_wconf 84' lang='lat' dir='ltr'><strong>dreae</strong></span> <span class='ocrx_word' id='word_1_52' title='bbox 246 962 390 1042; x_wconf 85' lang='lat' dir='ltr'><strong>sacram</strong></span> <span class='ocrx_word' id='word_1_53' title='bbox 416 989 592 1042; x_wconf 89' lang='lat' dir='ltr'><strong>coronam</strong></span> <span class='ocrx_word' id='word_1_54' title='bbox 620 963 805 1068; x_wconf 81' lang='lat' dir='ltr'><strong>imposuit.</strong></span> <span class='ocrx_word' id='word_1_55' title='bbox 873 967 966 1041; x_wconf 67' lang='lat' dir='ltr'><strong>fluia</strong></span> <span class='ocrx_word' id='word_1_56' title='bbox 991 989 1082 1045; x_wconf 87' lang='lat' dir='ltr'><strong>vero</strong></span> <span class='ocrx_word' id='word_1_57' title='bbox 1110 967 1185 1044; x_wconf 89' lang='lat' dir='ltr'><strong>hoc</strong></span> 
     </span>
     <span class='ocr_line' id='line_1_9' title="bbox 101 1067 1189 1174; baseline 0.002 -28"><span class='ocrx_word' id='word_1_58' title='bbox 101 1093 238 1146; x_wconf 89' lang='lat' dir='ltr'><strong>munus</strong></span> <span class='ocrx_word' id='word_1_59' title='bbox 263 1073 308 1146; x_wconf 87' lang='lat' dir='ltr'><strong>ad</strong></span> <span class='ocrx_word' id='word_1_60' title='bbox 340 1067 523 1150; x_wconf 83' lang='lat' dir='ltr'><strong>ecclefiam</strong></span> <span class='ocrx_word' id='word_1_61' title='bbox 546 1069 828 1174; x_wconf 72' lang='lat' dir='ltr'><strong>strigoniensem</strong></span> <span class='ocrx_word' id='word_1_62' title='bbox 854 1072 1062 1172; x_wconf 88' lang='lat' dir='ltr'><strong>pertinebat</strong></span> <span class='ocrx_word' id='word_1_63' title='bbox 1069 1097 1083 1160; x_wconf 80' lang='lat'>3</span> <span class='ocrx_word' id='word_1_64' title='bbox 1112 1077 1189 1148; x_wconf 84' lang='lat' dir='ltr'><strong>An·</strong></span> 
     </span>
     <span class='ocr_line' id='line_1_10' title="bbox 103 1175 1187 1280; baseline 0.006 -30"><span class='ocrx_word' id='word_1_65' title='bbox 103 1178 378 1276; x_wconf 70' lang='lat' dir='ltr'><strong>meotidem,</strong></span> <span class='ocrx_word' id='word_1_66' title='bbox 407 1175 558 1254; x_wconf 82' lang='lat' dir='ltr'><strong>aliorum</strong></span> <span class='ocrx_word' id='word_1_67' title='bbox 578 1201 707 1279; x_wconf 88' lang='lat' dir='ltr'><strong>regum</strong></span> <span class='ocrx_word' id='word_1_68' title='bbox 735 1199 860 1274; x_wconf 85' lang='lat' dir='ltr'><strong>more,</strong></span> <span class='ocrx_word' id='word_1_69' title='bbox 889 1177 920 1252; x_wconf 70' lang='lat' dir='ltr'>st</span> <span class='ocrx_word' id='word_1_70' title='bbox 951 1185 1094 1280; x_wconf 86' lang='lat' dir='ltr'><strong>gratum</strong></span> <span class='ocrx_word' id='word_1_71' title='bbox 1127 1202 1187 1256; x_wconf 85' lang='lat' dir='ltr'><strong>ex·</strong></span> 
     </span>
     <span class='ocr_line' id='line_1_11' title="bbox 75 1283 1182 1388; baseline 0.002 -30"><span class='ocrx_word' id='word_1_72' title='bbox 75 1283 224 1358; x_wconf 87' lang='lat' dir='ltr'><strong>&#39;hibuit</strong></span> <span class='ocrx_word' id='word_1_73' title='bbox 252 1286 321 1360; x_wconf 83' lang='lat' dir='ltr'><strong>hac</strong></span> <span class='ocrx_word' id='word_1_74' title='bbox 351 1285 573 1360; x_wconf 87' lang='lat' dir='ltr'><strong>donatione:</strong></span> <span class='ocrx_word' id='word_1_75' title='bbox 605 1290 666 1382; x_wconf 81' lang='lat' dir='ltr'><strong>(a)</strong></span> <span class='ocrx_word' id='word_1_76' title='bbox 706 1340 730 1377; x_wconf 87' lang='lat'><strong>,‚</strong></span> <span class='ocrx_word' id='word_1_77' title='bbox 748 1323 800 1341; x_wconf 91' lang='grc'><strong>-</strong></span> <span class='ocrx_word' id='word_1_78' title='bbox 830 1289 1018 1382; x_wconf 82' lang='lat' dir='ltr'><strong>Andreas,</strong></span> <span class='ocrx_word' id='word_1_79' title='bbox 1053 1288 1103 1362; x_wconf 78' lang='lat' dir='ltr'><strong>D.</strong></span> <span class='ocrx_word' id='word_1_80' title='bbox 1130 1309 1182 1388; x_wconf 90' lang='lat' dir='ltr'><strong>gr.</strong></span> 
     </span>
     <span class='ocr_line' id='line_1_12' title="bbox 101 1387 1287 1496; baseline 0.007 -34"><span class='ocrx_word' id='word_1_81' title='bbox 101 1445 128 1486; x_wconf 87' lang='lat'>„</span> <span class='ocrx_word' id='word_1_82' title='bbox 154 1395 278 1493; x_wconf 86' lang='lat' dir='ltr'><strong>Hung.</strong></span> <span class='ocrx_word' id='word_1_83' title='bbox 306 1387 427 1480; x_wconf 85' lang='lat' dir='ltr'><strong>Dalm.</strong></span> <span class='ocrx_word' id='word_1_84' title='bbox 460 1391 583 1465; x_wconf 86' lang='lat' dir='ltr'><strong>Croat.</strong></span> <span class='ocrx_word' id='word_1_85' title='bbox 619 1393 776 1484; x_wconf 75' lang='lat' dir='ltr'><strong>Romae,</strong></span> <span class='ocrx_word' id='word_1_86' title='bbox 812 1393 977 1488; x_wconf 86' lang='lat' dir='ltr'><strong>Seruiae,</strong></span> <span class='ocrx_word' id='word_1_87' title='bbox 1013 1387 1186 1470; x_wconf 82' lang='lat' dir='ltr'><strong>Galliciae</strong></span> <span class='ocrx_word' id='word_1_88' title='bbox 1279 1461 1287 1496; x_wconf 29' lang='grc' dir='ltr'>κ</span> 
     </span>
     <span class='ocr_line' id='line_1_13' title="bbox 98 1493 1232 1598; baseline 0.001 -26"><span class='ocrx_word' id='word_1_89' title='bbox 98 1535 127 1592; x_wconf 87' lang='grc'><strong>·,,</strong></span> <span class='ocrx_word' id='word_1_90' title='bbox 152 1497 468 1598; x_wconf 86' lang='lat' dir='ltr'><strong>Lodomeriaeque</strong></span> <span class='ocrx_word' id='word_1_91' title='bbox 492 1519 565 1570; x_wconf 83' lang='lat' dir='ltr'><strong>rex.</strong></span> <span class='ocrx_word' id='word_1_92' title='bbox 601 1535 653 1552; x_wconf 91' lang='lat'><strong>···</strong></span> <span class='ocrx_word' id='word_1_93' title='bbox 694 1499 787 1568; x_wconf 82' lang='lat' dir='ltr'><strong>Sane</strong></span> <span class='ocrx_word' id='word_1_94' title='bbox 820 1493 1088 1572; x_wconf 78' lang='lat' dir='ltr'><strong>miserationum</strong></span> <span class='ocrx_word' id='word_1_95' title='bbox 1122 1499 1187 1574; x_wconf 91' lang='lat' dir='ltr'><strong>do·</strong></span> <span class='ocrx_word' id='word_1_96' title='bbox 1229 1493 1232 1498; x_wconf 74' lang='grc'>’</span> 
     </span>
     <span class='ocr_line' id='line_1_14' title="bbox 101 1595 1187 1704; baseline 0.003 -26"><span class='ocrx_word' id='word_1_97' title='bbox 101 1657 128 1698; x_wconf 88' lang='lat'>„</span> <span class='ocrx_word' id='word_1_98' title='bbox 155 1604 268 1700; x_wconf 92' lang='lat' dir='ltr'><strong>mini,</strong></span> <span class='ocrx_word' id='word_1_99' title='bbox 290 1601 426 1704; x_wconf 90' lang='lat' dir='ltr'><strong>quibus</strong></span> <span class='ocrx_word' id='word_1_100' title='bbox 453 1599 533 1702; x_wconf 80' lang='lat' dir='ltr'><strong>post</strong></span> <span class='ocrx_word' id='word_1_101' title='bbox 559 1595 812 1676; x_wconf 82' lang='lat' dir='ltr'><strong>tribulationes</strong></span> <span class='ocrx_word' id='word_1_102' title='bbox 841 1599 974 1676; x_wconf 87' lang='lat' dir='ltr'><strong>multas</strong></span> <span class='ocrx_word' id='word_1_103' title='bbox 1004 1621 1042 1676; x_wconf 91' lang='lat' dir='ltr'><strong>et</strong></span> <span class='ocrx_word' id='word_1_104' title='bbox 1076 1603 1187 1680; x_wconf 81' lang='lat' dir='ltr'><strong>malas</strong></span> 
     </span>
     <span class='ocr_line' id='line_1_15' title="bbox 99 1699 1186 1810; baseline 0 -28"><span class='ocrx_word' id='word_1_105' title='bbox 99 1753 126 1796; x_wconf 83' lang='lat'>„</span> <span class='ocrx_word' id='word_1_106' title='bbox 151 1709 191 1782; x_wconf 92' lang='lat' dir='ltr'><strong>in</strong></span> <span class='ocrx_word' id='word_1_107' title='bbox 212 1705 299 1785; x_wconf 88' lang='lat' dir='ltr'><strong>solio</strong></span> <span class='ocrx_word' id='word_1_108' title='bbox 325 1728 471 1810; x_wconf 85' lang='lat' dir='ltr'><strong>patrum</strong></span> <span class='ocrx_word' id='word_1_109' title='bbox 502 1702 707 1781; x_wconf 86' lang='lat' dir='ltr'><strong>nostrorum</strong></span> <span class='ocrx_word' id='word_1_110' title='bbox 733 1705 907 1802; x_wconf 81' lang='lat' dir='ltr'><strong>sedimus,</strong></span> <span class='ocrx_word' id='word_1_111' title='bbox 951 1699 1186 1784; x_wconf 78' lang='lat' dir='ltr'><strong>recordantes</strong></span> 
     </span>
     <span class='ocr_line' id='line_1_16' title="bbox 99 1775 1182 1916; baseline -0.002 -26"><span class='ocrx_word' id='word_1_112' title='bbox 99 1859 125 1902; x_wconf 84' lang='lat'>„</span> <span class='ocrx_word' id='word_1_113' title='bbox 154 1775 321 1890; x_wconf 78' lang='lat' dir='ltr'><strong>eeclefia&#39;e</strong></span> <span class='ocrx_word' id='word_1_114' title='bbox 336 1817 379 1890; x_wconf 89' lang='lat' dir='ltr'><strong>B.</strong></span> <span class='ocrx_word' id='word_1_115' title='bbox 401 1809 592 1889; x_wconf 87' lang='lat' dir='ltr'><strong>Adalberti</strong></span> <span class='ocrx_word' id='word_1_116' title='bbox 618 1815 674 1886; x_wconf 88' lang='lat' dir='ltr'><strong>M.</strong></span> <span class='ocrx_word' id='word_1_117' title='bbox 692 1835 803 1912; x_wconf 81' lang='lat' dir='ltr'><strong>quam</strong></span> <span class='ocrx_word' id='word_1_118' title='bbox 823 1831 977 1887; x_wconf 86' lang='lat' dir='ltr'><strong>matrem</strong></span> <span class='ocrx_word' id='word_1_119' title='bbox 993 1816 1096 1916; x_wconf 85' lang='lat' dir='ltr'><strong>regui</strong></span> <span class='ocrx_word' id='word_1_120' title='bbox 1113 1813 1182 1890; x_wconf 85' lang='lat' dir='ltr'><strong>esse</strong></span> 
     </span>
     <span class='ocr_line' id='line_1_17' title="bbox 101 1913 1184 2022; baseline 0 -28"><span class='ocrx_word' id='word_1_121' title='bbox 101 1975 126 2015; x_wconf 91' lang='lat'><strong>,‚</strong></span> <span class='ocrx_word' id='word_1_122' title='bbox 154 1939 194 1995; x_wconf 88' lang='lat' dir='ltr'><strong>et</strong></span> <span class='ocrx_word' id='word_1_123' title='bbox 206 1913 674 2022; x_wconf 83' lang='lat' dir='ltr'><strong>metropolim-constat,</strong></span> <span class='ocrx_word' id='word_1_124' title='bbox 699 1919 739 1990; x_wconf 90' lang='lat' dir='ltr'><strong>in</strong></span> <span class='ocrx_word' id='word_1_125' title='bbox 770 1917 910 1998; x_wconf 85' lang='lat' dir='ltr'><strong>nostrae</strong></span> <span class='ocrx_word' id='word_1_126' title='bbox 936 1922 1184 1996; x_wconf 84' lang='lat' dir='ltr'><strong>coronationis</strong></span> 
     </span>
     <span class='ocr_line' id='line_1_18' title="bbox 105 2019 1189 2126; baseline 0 -26"><span class='ocrx_word' id='word_1_127' title='bbox 105 2071 130 2112; x_wconf 80' lang='lat'>„</span> <span class='ocrx_word' id='word_1_128' title='bbox 159 2027 395 2123; x_wconf 88' lang='lat' dir='ltr'><strong>memoriam,</strong></span> <span class='ocrx_word' id='word_1_129' title='bbox 412 2047 523 2126; x_wconf 89' lang='lat' dir='ltr'><strong>quam</strong></span> <span class='ocrx_word' id='word_1_130' title='bbox 541 2025 587 2098; x_wconf 89' lang='lat' dir='ltr'><strong>de</strong></span> <span class='ocrx_word' id='word_1_131' title='bbox 602 2019 736 2098; x_wconf 90' lang='lat' dir='ltr'><strong>sursum</strong></span> <span class='ocrx_word' id='word_1_132' title='bbox 762 2027 875 2124; x_wconf 86' lang='lat' dir='ltr'><strong>capiti</strong></span> <span class='ocrx_word' id='word_1_133' title='bbox 891 2023 1013 2104; x_wconf 85' lang='lat' dir='ltr'><strong>nostro</strong></span> <span class='ocrx_word' id='word_1_134' title='bbox 1034 2049 1098 2126; x_wconf 81' lang='lat' dir='ltr'><strong>per</strong></span> <span class='ocrx_word' id='word_1_135' title='bbox 1112 2049 1189 2100; x_wconf 82' lang='lat' dir='ltr'><strong>ma-</strong></span> 
     </span>
     <span class='ocr_line' id='line_1_19' title="bbox 102 2129 1187 2236; baseline -0.002 -28"><span class='ocrx_word' id='word_1_136' title='bbox 102 2177 126 2218; x_wconf 71' lang='lat'><strong><em>„</em></strong></span> <span class='ocrx_word' id='word_1_137' title='bbox 154 2149 245 2208; x_wconf 87' lang='lat' dir='ltr'><strong>num</strong></span> <span class='ocrx_word' id='word_1_138' title='bbox 273 2155 357 2210; x_wconf 86' lang='lat' dir='ltr'><strong>ven.</strong></span> <span class='ocrx_word' id='word_1_139' title='bbox 382 2131 495 2232; x_wconf 87' lang='lat' dir='ltr'><strong>patris</strong></span> <span class='ocrx_word' id='word_1_140' title='bbox 526 2131 699 2226; x_wconf 84' lang='lat' dir='ltr'><strong>loannis,</strong></span> <span class='ocrx_word' id='word_1_141' title='bbox 738 2131 896 2230; x_wconf 87' lang='lat' dir='ltr'><strong>archiep.</strong></span> <span class='ocrx_word' id='word_1_142' title='bbox 932 2129 1187 2236; x_wconf 80' lang='lat' dir='ltr'><strong>strigoniensis</strong></span> 
     </span>
     <span class='ocr_line' id='line_1_20' title="bbox 103 2233 1207 2340; baseline -0.003 -25"><span class='ocrx_word' id='word_1_143' title='bbox 103 2284 127 2324; x_wconf 72' lang='lat' dir='ltr'><strong>a</strong></span> <span class='ocrx_word' id='word_1_144' title='bbox 155 2241 267 2330; x_wconf 80' lang='lat' dir='ltr'><strong>(tunc</strong></span> <span class='ocrx_word' id='word_1_145' title='bbox 299 2233 509 2338; x_wconf 82' lang='lat' dir='ltr'><strong>Colocensts)</strong></span> <span class='ocrx_word' id='word_1_146' title='bbox 537 2239 665 2310; x_wconf 75' lang='lat' dir='ltr'><strong>nssvs</strong></span> <span class='ocrx_word' id='word_1_147' title='bbox 690 2239 881 2336; x_wconf 84' lang='lat' dir='ltr'><strong>imponere</strong></span> <span class='ocrx_word' id='word_1_148' title='bbox 912 2237 961 2312; x_wconf 89' lang='lat' dir='ltr'><strong>est</strong></span> <span class='ocrx_word' id='word_1_149' title='bbox 993 2241 1207 2340; x_wconf 85' lang='lat' dir='ltr'><strong>dignatus,-</strong></span> 
     </span>
     <span class='ocr_line' id='line_1_21' title="bbox 12 2339 1187 2448; baseline 0.005 -32"><span class='ocrx_word' id='word_1_150' title='bbox 12 2401 13 2408; x_wconf 13' lang='grc' dir='ltr'><strong><em>Ν</em></strong></span> <span class='ocrx_word' id='word_1_151' title='bbox 101 2391 126 2430; x_wconf 81' lang='lat'><strong>.,</strong></span> <span class='ocrx_word' id='word_1_152' title='bbox 153 2345 217 2418; x_wconf 89' lang='lat' dir='ltr'><strong>has</strong></span> <span class='ocrx_word' id='word_1_153' title='bbox 240 2344 425 2422; x_wconf 90' lang='lat' dir='ltr'><strong>donorum</strong></span> <span class='ocrx_word' id='word_1_154' title='bbox 452 2341 655 2417; x_wconf 86' lang='lat' dir='ltr'><strong>nostrorum</strong></span> <span class='ocrx_word' id='word_1_155' title='bbox 683 2343 880 2440; x_wconf 89' lang='lat' dir='ltr'><strong>primitias,</strong></span> <span class='ocrx_word' id='word_1_156' title='bbox 907 2339 994 2420; x_wconf 88' lang='lat' dir='ltr'><strong>licet</strong></span> <span class='ocrx_word' id='word_1_157' title='bbox 1009 2347 1187 2448; x_wconf 87' lang='lat' dir='ltr'><strong>exiguum</strong></span> 
     </span>
     <span class='ocr_line' id='line_1_22' title="bbox 12 2449 1185 2548; baseline -0.001 -22"><span class='ocrx_word' id='word_1_158' title='bbox 12 2459 14 2488; x_wconf 72' lang='lat'>³</span> <span class='ocrx_word' id='word_1_159' title='bbox 101 2506 127 2546; x_wconf 87' lang='lat'>„</span> <span class='ocrx_word' id='word_1_160' title='bbox 154 2473 310 2548; x_wconf 88' lang='lat' dir='ltr'><strong>munus,</strong></span> <span class='ocrx_word' id='word_1_161' title='bbox 338 2449 589 2546; x_wconf 86' lang='lat' dir='ltr'><strong>attribuimus,</strong></span> <span class='ocrx_word' id='word_1_162' title='bbox 616 2467 659 2523; x_wconf 85' lang='lat' dir='ltr'><strong>vt</strong></span> <span class='ocrx_word' id='word_1_163' title='bbox 680 2451 869 2528; x_wconf 87' lang='lat' dir='ltr'><strong>annuatim</strong></span> <span class='ocrx_word' id='word_1_164' title='bbox 898 2491 947 2509; x_wconf 88' lang='lat'>-</span> <span class='ocrx_word' id='word_1_165' title='bbox 976 2454 1185 2548; x_wconf 88' lang='lat' dir='ltr'><strong>canonicis,</strong></span> 
     </span>
     <span class='ocr_line' id='line_1_23' title="bbox 13 2553 1273 2657; baseline -0.002 -26"><span class='ocrx_word' id='word_1_166' title='bbox 13 2609 14 2620; x_wconf 30' lang='lat' dir='ltr'><strong>i</strong></span> <span class='ocrx_word' id='word_1_167' title='bbox 101 2553 225 2650; x_wconf 72' lang='lat' dir='ltr'><strong>,illic</strong></span> <span class='ocrx_word' id='word_1_168' title='bbox 249 2560 353 2632; x_wconf 92' lang='lat' dir='ltr'><strong>DEO</strong></span> <span class='ocrx_word' id='word_1_169' title='bbox 380 2553 691 2651; x_wconf 73' lang='lat' dir='ltr'><strong>deseruientihus,</strong></span> <span class='ocrx_word' id='word_1_170' title='bbox 722 2575 810 2630; x_wconf 79' lang='lat' dir='ltr'><strong>roo</strong></span> <span class='ocrx_word' id='word_1_171' title='bbox 827 2577 969 2630; x_wconf 82' lang='lat' dir='ltr'><strong>marcae</strong></span> <span class='ocrx_word' id='word_1_172' title='bbox 986 2559 1186 2657; x_wconf 85' lang='lat' dir='ltr'><strong>argenti-</strong></span> <span class='ocrx_word' id='word_1_173' title='bbox 1270 2633 1273 2644; x_wconf 64' lang='grc'>,</span> 
     </span>
     <span class='ocr_line' id='line_1_24' title="bbox 105 2658 1238 2764; baseline 0.002 -32"><span class='ocrx_word' id='word_1_174' title='bbox 105 2709 130 2758; x_wconf 90' lang='lat'>„</span> <span class='ocrx_word' id='word_1_175' title='bbox 157 2665 204 2739; x_wconf 88' lang='lat' dir='ltr'><strong>de</strong></span> <span class='ocrx_word' id='word_1_176' title='bbox 227 2662 338 2764; x_wconf 78' lang='lat' dir='ltr'><strong>regali</strong></span> <span class='ocrx_word' id='word_1_177' title='bbox 353 2659 546 2738; x_wconf 81' lang='lat' dir='ltr'><strong>afferantur</strong></span> <span class='ocrx_word' id='word_1_178' title='bbox 569 2658 717 2732; x_wconf 83' lang='lat' dir='ltr'><strong>aerario.</strong></span> <span class='ocrx_word' id='word_1_179' title='bbox 744 2695 798 2716; x_wconf 90' lang='lat'><em>-</em></span> <span class='ocrx_word' id='word_1_180' title='bbox 824 2661 910 2734; x_wconf 85' lang='lat' dir='ltr'><strong>Dat.</strong></span> <span class='ocrx_word' id='word_1_181' title='bbox 939 2701 989 2715; x_wconf 93' lang='lat'>-</span> <span class='ocrx_word' id='word_1_182' title='bbox 1015 2661 1186 2740; x_wconf 81' lang='lat' dir='ltr'><strong>Mccvt</strong></span> <span class='ocrx_word' id='word_1_183' title='bbox 1234 2683 1238 2696; x_wconf 93' lang='lat'><em>·</em></span> 
     </span>
     <span class='ocr_line' id='line_1_25' title="bbox 105 2757 1189 2866; baseline -0.002 -24"><span class='ocrx_word' id='word_1_184' title='bbox 105 2822 130 2861; x_wconf 87' lang='lat'>„</span> <span class='ocrx_word' id='word_1_185' title='bbox 158 2789 245 2842; x_wconf 88' lang='lat' dir='ltr'><strong>ven.</strong></span> <span class='ocrx_word' id='word_1_186' title='bbox 261 2771 422 2866; x_wconf 76' lang='lat' dir='ltr'><strong>Ioanne,</strong></span> <span class='ocrx_word' id='word_1_187' title='bbox 448 2765 556 2862; x_wconf 84' lang='lat' dir='ltr'><strong>Strig.</strong></span> <span class='ocrx_word' id='word_1_188' title='bbox 582 2763 680 2836; x_wconf 86' lang='lat' dir='ltr'><strong>arth.</strong></span> <span class='ocrx_word' id='word_1_189' title='bbox 696 2757 901 2850; x_wconf 78' lang='lat' dir='ltr'><strong>exsistente5</strong></span> <span class='ocrx_word' id='word_1_190' title='bbox 930 2762 1189 2841; x_wconf 70' lang='lat' dir='ltr'><strong>Calanofluin·</strong></span> 
     </span>
     <span class='ocr_line' id='line_1_26' title="bbox 105 2863 1187 2973; baseline 0 -27"><span class='ocrx_word' id='word_1_191' title='bbox 105 2918 129 2958; x_wconf 85' lang='lat'>„</span> <span class='ocrx_word' id='word_1_192' title='bbox 156 2867 355 2973; x_wconf 88' lang='lat' dir='ltr'><strong>queeccles.</strong></span> <span class='ocrx_word' id='word_1_193' title='bbox 396 2863 562 2948; x_wconf 80' lang='lat' dir='ltr'><strong>Boleslao</strong></span> <span class='ocrx_word' id='word_1_194' title='bbox 605 2869 754 2942; x_wconf 82' lang='lat' dir='ltr'><strong>vacien.</strong></span> <span class='ocrx_word' id='word_1_195' title='bbox 807 2871 917 2944; x_wconf 87' lang='lat' dir='ltr'><strong>Petro</strong></span> <span class='ocrx_word' id='word_1_196' title='bbox 964 2871 1187 2972; x_wconf 84' lang='lat' dir='ltr'><strong>Gewrienfi,</strong></span> 
     </span>
     <span class='ocr_line' id='line_1_27' title="bbox 104 2970 1188 3078; baseline 0.001 -25"><span class='ocrx_word' id='word_1_197' title='bbox 104 3033 129 3073; x_wconf 90' lang='lat'><em>„</em></span> <span class='ocrx_word' id='word_1_198' title='bbox 156 2972 361 3078; x_wconf 85' lang='lat' dir='ltr'><strong>episcopis;</strong></span> <span class='ocrx_word' id='word_1_199' title='bbox 385 2975 577 3052; x_wconf 85' lang='lat' dir='ltr'><strong>Mochone</strong></span> <span class='ocrx_word' id='word_1_200' title='bbox 595 2970 756 3074; x_wconf 86' lang='lat' dir='ltr'><strong>palatino</strong></span> <span class='ocrx_word' id='word_1_201' title='bbox 773 2993 811 3048; x_wconf 87' lang='lat' dir='ltr'><strong>et</strong></span> <span class='ocrx_word' id='word_1_202' title='bbox 830 2977 968 3052; x_wconf 88' lang='lat' dir='ltr'><strong>comite</strong></span> <span class='ocrx_word' id='word_1_203' title='bbox 982 2979 1188 3054; x_wconf 84' lang='lat' dir='ltr'><strong>Bichorien.</strong></span> 
     </span>
     <span class='ocr_line' id='line_1_28' title="bbox 107 3079 1206 3184; baseline -0.003 -25"><span class='ocrx_word' id='word_1_204' title='bbox 107 3134 131 3173; x_wconf 81' lang='lat'><strong>,‚</strong></span> <span class='ocrx_word' id='word_1_205' title='bbox 160 3085 360 3184; x_wconf 87' lang='lat' dir='ltr'><strong>Chepano,</strong></span> <span class='ocrx_word' id='word_1_206' title='bbox 387 3079 461 3160; x_wconf 86' lang='lat' dir='ltr'><strong>filio</strong></span> <span class='ocrx_word' id='word_1_207' title='bbox 477 3080 618 3176; x_wconf 86' lang='lat' dir='ltr'><strong>Micsa,</strong></span> <span class='ocrx_word' id='word_1_208' title='bbox 645 3080 761 3166; x_wconf 84' lang='lat' dir='ltr'><strong>bano;</strong></span> <span class='ocrx_word' id='word_1_209' title='bbox 789 3080 989 3158; x_wconf 72' lang='lat' dir='ltr'><strong>Benedidio</strong></span> <span class='ocrx_word' id='word_1_210' title='bbox 1009 3087 1206 3174; x_wconf 60' lang='lat' dir='ltr'><strong>salundu,</strong></span> 
     </span>
    </p>
   </div>
   <div class='ocr_carea' id='block_1_3' title="bbox 105 3183 1230 3580">
    <p class='ocr_par' dir='ltr' id='par_1_3' title="bbox 105 3183 1230 3580">
     <span class='ocr_line' id='line_1_29' title="bbox 105 3183 1209 3292; baseline -0.002 -28"><span class='ocrx_word' id='word_1_211' title='bbox 105 3237 129 3276; x_wconf 89' lang='lat'><strong>„</strong></span> <span class='ocrx_word' id='word_1_212' title='bbox 157 3227 209 3252; x_wconf 72' lang='lat' dir='ltr'><strong>a·</strong></span> <span class='ocrx_word' id='word_1_213' title='bbox 237 3191 434 3292; x_wconf 72' lang='lat' dir='ltr'><strong>smaragdo</strong></span> <span class='ocrx_word' id='word_1_214' title='bbox 472 3183 678 3260; x_wconf 86' lang='lat' dir='ltr'><strong>Zonukien.</strong></span> <span class='ocrx_word' id='word_1_215' title='bbox 708 3201 747 3259; x_wconf 89' lang='lat' dir='ltr'><strong>ct</strong></span> <span class='ocrx_word' id='word_1_216' title='bbox 779 3189 915 3262; x_wconf 85' lang='lat' dir='ltr'><strong>comite</strong></span> <span class='ocrx_word' id='word_1_217' title='bbox 944 3190 1073 3266; x_wconf 87' lang='lat' dir='ltr'><strong>curiae.</strong></span> <span class='ocrx_word' id='word_1_218' title='bbox 1099 3195 1209 3262; x_wconf 44' lang='lat' dir='ltr'><strong>r-“v</strong></span> 
     </span>
     <span class='ocr_line' id='line_1_30' title="bbox 105 3287 1230 3398; baseline 0 -26"><span class='ocrx_word' id='word_1_219' title='bbox 105 3299 287 3372; x_wconf 92' lang='lat' dir='ltr'><strong>Nondum</strong></span> <span class='ocrx_word' id='word_1_220' title='bbox 321 3299 379 3372; x_wconf 91' lang='lat' dir='ltr'><strong>hic</strong></span> <span class='ocrx_word' id='word_1_221' title='bbox 410 3291 584 3368; x_wconf 85' lang='lat' dir='ltr'><strong>insertum</strong></span> <span class='ocrx_word' id='word_1_222' title='bbox 607 3287 762 3394; x_wconf 86' lang='lat' dir='ltr'><strong>legimus</strong></span> <span class='ocrx_word' id='word_1_223' title='bbox 789 3292 1051 3398; x_wconf 87' lang='lat' dir='ltr'><strong>Bettholdum,</strong></span> <span class='ocrx_word' id='word_1_224' title='bbox 1078 3293 1190 3372; x_wconf 82' lang='lat' dir='ltr'><strong>Colo·</strong></span> <span class='ocrx_word' id='word_1_225' title='bbox 1226 3313 1230 3321; x_wconf 83' lang='grc'><em>“</em></span> 
     </span>
     <span class='ocr_line' id='line_1_31' title="bbox 107 3397 1189 3580; baseline 0.001 -103"><span class='ocrx_word' id='word_1_226' title='bbox 107 3397 249 3479; x_wconf 83' lang='lat' dir='ltr'><strong>censem</strong></span> <span class='ocrx_word' id='word_1_227' title='bbox 280 3399 615 3580; x_wconf 69' lang='lat' dir='ltr'><strong>archiepiscopppr,</strong></span> <span class='ocrx_word' id='word_1_228' title='bbox 653 3397 741 3498; x_wconf 89' lang='lat' dir='ltr'><strong>qui,</strong></span> <span class='ocrx_word' id='word_1_229' title='bbox 781 3401 1051 3504; x_wconf 83' lang='lat' dir='ltr'><strong>Bambergensts</strong></span> <span class='ocrx_word' id='word_1_230' title='bbox 1080 3421 1189 3478; x_wconf 72' lang='lat' dir='ltr'><strong>antea</strong></span> 
     </span>
    </p>
   </div>
   <div class='ocr_carea' id='block_1_4' title="bbox 15 3493 494 3611">
    <p class='ocr_par' dir='ltr' id='par_1_4' title="bbox 15 3493 494 3611">
     <span class='ocr_line' id='line_1_32' title="bbox 15 3493 494 3611; baseline 0 -29"><span class='ocrx_word' id='word_1_231' title='bbox 15 3493 16 3522; x_wconf 77' lang='lat'>³</span> <span class='ocrx_word' id='word_1_232' title='bbox 105 3507 346 3611; x_wconf 71' lang='lat' dir='ltr'><strong>praeposuit,</strong></span> <span class='ocrx_word' id='word_1_233' title='bbox 374 3511 494 3582; x_wconf 87' lang='lat' dir='ltr'><strong>donec</strong></span> 
     </span>
    </p>
   </div>
   <div class='ocr_carea' id='block_1_5' title="bbox 15 3505 1192 3634">
    <p class='ocr_par' dir='ltr' id='par_1_5' title="bbox 15 3505 1192 3634">
     <span class='ocr_line' id='line_1_33' title="bbox 15 3505 1192 3634; baseline 0.014 -65"><span class='ocrx_word' id='word_1_234' title='bbox 15 3589 18 3634; x_wconf 47' lang='grc' dir='ltr'>Ι</span> <span class='ocrx_word' id='word_1_235' title='bbox 611 3507 833 3582; x_wconf 88' lang='lat' dir='ltr'><strong>Innocentio</strong></span> <span class='ocrx_word' id='word_1_236' title='bbox 862 3505 1011 3608; x_wconf 84' lang='lat' dir='ltr'><strong>pallium</strong></span> <span class='ocrx_word' id='word_1_237' title='bbox 1042 3529 1192 3633; x_wconf 74' lang='lat' dir='ltr'><strong>accepe-</strong></span> 
     </span>
    </p>
   </div>
   <div class='ocr_carea' id='block_1_6' title="bbox 1060 3633 1134 3701">
    <p class='ocr_par' dir='ltr' id='par_1_6' title="bbox 1060 3633 1134 3701">
     <span class='ocr_line' id='line_1_34' title="bbox 1060 3633 1134 3701; baseline -0.014 -11"><span class='ocrx_word' id='word_1_238' title='bbox 1060 3633 1134 3701; x_wconf 69' lang='lat' dir='ltr'><strong>tlt,</strong></span> 
     </span>
    </p>
   </div>
   <div class='ocr_carea' id='block_1_7' title="bbox 0 0 1387 4306">
    <p class='ocr_par' dir='ltr' id='par_1_7' title="bbox 0 0 1387 4306">
     <span class='ocr_line' id='line_1_35' title="bbox 0 0 1387 4306; baseline 0 0"><span class='ocrx_word' id='word_1_239' title='bbox 0 0 1387 4306; x_wconf 95' lang='lat' dir='ltr'><strong> </strong></span> 
     </span>
    </p>
   </div>
  </div>
 </body>
</html>
