2744 4298
24 4147 53 4268 i

220 197 301 288 3„
448 191 1060 300 contentione

163 413 190 462 2,
221 391 265 444 ac
289 369 490 448 deuotione
514 375 638 450 debite
664 371 836 476 polleant.
856 379 886 430 ‘s
932 373 1256 474 Atqueffine'ge·

164 495 236 548 nus
262 472 485 554 Elisabethae
504 477 565 556 vel
592 477 780 578 isabellae,
804 477 960 558 Ladishi
983 483 1044 552 lv.
1065 480 1252 578 coniugis,

159 577 365 660 innotescit.
417 589 468 658 Vt
502 589 602 660 enim
630 583 761 663 Catolo
791 585 932 664 Claudo
961 587 1068 660 huius
1089 583 1250 658 Ladislai

159 680 285 785 soror,
310 689 361 761 ita
385 685 484 764 soror
509 687 604 767 illius
632 693 719 768 huic
743 691 907 796 enupsit,
942 715 990 770 ex
1022 715 1098 792 qua
1119 705 1249 764 tamen

159 787 299 868 nuliam
328 793 391 870 hic
413 791 553 896 prolem
574 794 719 874 sustulit.
748 805 811 898 (a)

259 1007 456 1086 comt.
481 1011 555 1086 Etst
584 1009 733 1110 litteris,
768 1014 815 1088 ad
846 1003 1100 1116 Tngutienses
1129 1007 1249 1107 datis,
1350 1052 1351 1056 =

161 1112 348 1190 Ladislaus
376 1117 519 1190 vicinos
547 1121 728 1220 plincipes
753 1123 792 1194 in
816 1113 907 1194 bona
924 1121 1026 1219 pacis
1051 1116 1178 1188 unione
1199 1112 1250 1189 se·

164 1243 251 1298 cum
277 1213 345 1294 esse
377 1217 577 1322 sctipscrit3
603 1247 647 1300 et
672 1245 796 1302 tamen
824 1245 902 1316 non
925 1218 1044 1294 multo
1068 1217 1148 1319 post
1170 1237 1249 1398 Ξῖ

162 1325 239 1402 bati
266 1326 400 1426 coepit.
456 1331 655 1406 ottocarus
679 1331 805 1425 enim,
847 1349 978 1428 pacem
1011 1343 1067 1399 ex*
1090 1319 1168 1399 vtili
1225 1349 1249 1398 e

159 1429 221 1508 sua
247 1431 366 1506 metiri
390 1429 535 1532 solitus,
563 1458 680 1538 quum
708 1433 863 1510 Ladislai
884 1433 1041 1508 tenerior
1072 1449 1170 1504 aetas
1193 1433 1249 1503 in-

159 1538 261 1614 iuriis
295 1542 541 1638 opportunior
565 1542 771 1638 videretur,
812 1559 1022 1638 cettamque
1046 1532 1251 1634 viiiotiae,

161 1643 209 1721 de
235 1647 418 1744 Hungaris
443 1643 672 1743 referendae,
698 1645 795 1748 spem
823 1641 1079 1748 pollicerentr3
1121 1643 1248 1718 audita

161 1750 340 1852 Stephani
365 1753 411 1826 V.
444 1774 582 1852 morte,
611 1749 746 1828 bellurn
772 1749 1041 1826 instaurandum
1068 1741 1136 1834 eise
1161 1769 1249 1821 cen·

60 1877 68 1892 ’
160 1853 241 1931 suit.
292 1857 466 1957 Stephani
490 1860 598 1936 huius
625 1858 723 1934 soror
750 1862 885 1956 Anna,
922 1849 1103 1950 Ratislao,
1148 1849 1249 1928 Heli·

160 1960 270 2038 cienfi
288 1964 613 2068 Machouienssque
638 1967 748 2062 duci,
774 1959 974 2056 collocata,
1009 1977 1148 2060 proeter
1175 1959 1249 2034 Cu-

160 2067 397 2171 negundetn,
423 2073 592 2148 ottocari
616 2073 836 2174 coniugem,
862 2071 972 2144 etiam
994 2063 1138 2162 Belem,
1163 2067 1247 2138 Ma·

160 2175 317 2250 ehouite
341 2175 421 2272 post
446 2177 591 2252 obitum
614 2181 726 2280 putris
746 2179 905 2271 ducem,
931 2169 1102 2272 suscepit:
1128 2193 1248 2270 quem

160 2281 264 2379 quod
288 2283 488 2378 Henricus,
515 2285 554 2355 in
581 2285 806 2384 Hungeriam
835 2279 1042 2357 tLadissao
1061 2295 1251 2376 receptus,

160 2377 405 2472 interfecerim
433 2387 510 2460 eius
525 2389 675 2462 caedem
698 2387 895 2462 ottocarus
914 2379 1009 2458 bello
1029 2405 1131 2459 nouo
1146 2404 1250 2482 prae·

160 2488 291 2569 texuit.
344 2487 471 2590 Certe,
497 2493 644 2592 quoda
675 2493 818 2595 priuato
845 2492 1019 2588 homine,
1045 2513 1122 2563 non
1143 2509 1248 2562 com·

163 2595 269 2672 muni
294 2599 388 2700 regis
415 2601 595 2702 regnique
622 2594 793 2696 consilio,
820 2600 1121 2699 patrationem,
1148 2588 1247 2667 beilo

162 2697 315 2806 publico
339 2705 602 2780 vindicandum
627 2729 704 2780 noo
733 2721 821 2780 erat,
873 2705 943 2780 Sed
967 2705 1039 2776 iam
1059 2720 1150 2774 tunc
1178 2701 1250 2804 φῖ·

162 2825 312 2882 tocatus
333 2811 432 2910 pacis
447 2811 682 2886 conditiones
700 2807 876 2905 uiolauit,
896 2832 1012 2908 quutn
1028 2805 1248 2908 Aegidiurn,

158 2914 206 2988 ab
232 2917 414 3016 Hungaris
442 2915 488 2987 ad
514 2913 547 2990 se
574 2913 794 3018 profugum,
820 2915 965 3014 recepit.
989 2977 992 2982 .
1019 2919 1073 2988 ita
1101 2913 1179 2986 duo
1204 2911 1247 2984 hi

160 3021 368 3122 Hungariae
398 3022 578 3118 comites,
605 3045 765 3124 quorum
784 3015 872 3094 aiter
900 3021 1052 3119 patriam
1078 3015 1250 3111 deseruit,

160 3121 252 3200 alter
285 3147 330 3200 ex
357 3129 435 3202 eius
459 3129 547 3200 odio
579 3129 744 3228 repetiit,
784 3123 1012 3200 occasionem
1037 3127 1122 3201 huic
1145 3121 1247 3198 bello

159 3230 423 3333 praebuerunt,
448 3251 491 3306 vt
505 3231 633 3308 chron.
650 3231 826 3308 Austriac.
846 3233 977 3306 innuit.
1006 3229 1064 3330 (b)
1089 3225 1249 3304 Alienos

161 3333 302 3412 abello
331 3341 525 3440 ilungaros
548 3334 669 3435 nore,
706 3353 808 3438 patet
834 3359 879 3412 ex
895 3331 1043 3438 legatis,
1070 3357 1165 3438 quos
1182 3357 1249 3408 an·

160 3439 263 3520 nales
301 3439 516 3520 Altahenses
551 3445 759 3546 perhibent·
779 3465 849 3544 pro
884 3445 973 3544 paie
1015 3441 1250 3542 deprecanda

156 3541 257 3620 fiune
288 3545 407 3624 mistos
431 3551 476 3622 ad
505 3551 748 3645 ottocarum,
779 3553 837 3645 (c)
865 3571 980 3649 aquo
1004 3543 1128 3624 reieffi
1144 3552 1253 3619 Hun-

161 3651 261 3750 gari,
288 3653 504 3758 pontificem
531 3653 819 3758 interpellarunt.
873 3655 1074 3758 Gregorius
1105 3655 1147 3726 X.
1183 3655 1257 3728 Ot-

1024 3780 1195 3840 tocarum

165 3893 358 3924 ὴ·-
742 3907 744 3916 ’
1127 3915 1255 3938 ..ιι-

86 3975 89 3984 ’
203 3971 253 4056 (a)
273 3973 417 4041 tuno.
434 3983 473 4046 τ.
492 3987 548 4047 νι.
569 4007 599 4070 p.
621 3989 802 4070 ⁶¹7-6a4·
843 3991 893 4078 (t)
917 3995 974 4076 np.
1000 3991 1128 4054 trena.
1154 3991 1193 4058 τ.
1223 3993 1255 4063 1.

254 4075 284 4140 Ρ·
308 4059 381 4138 ⁴⁶4·
427 4063 475 4147 (c)
496 4067 572 4132 ibid.
587 4089 616 4154 p.
642 4073 726 4154 556„
