2738 4304
516 115 551 186 n
578 113 667 187 vx
717 97 795 190 v‘t.
1097 137 1146 215 57

109 283 326 367 chofferum
353 287 495 364 suntin
517 287 637 364 lucem
662 287 825 381 edessae.
883 299 998 390 Certe,
1021 291 1043 363 fi
1063 295 1122 368 hic
1146 299 1203 368 In·

117 392 263 473 choffier
291 393 358 469 has
380 393 515 470 litteras
543 395 820 495 composuissem
846 402 905 495 iis,
934 425 1026 498 quac
1050 405 1203 472 mendo-

114 501 283 602 seprius
311 497 511 601 scripserat,
539 505 716 577 contraria
732 527 807 577 non
825 503 896 576 illis
909 501 1111 580 inseruisset.
1141 507 1200 579 Ao

115 603 373 684 Inchofferum
400 609 549 707 quidem
583 609 628 682 ab
659 611 726 683 hac
760 610 978 710 imposturae
1005 608 1200 709 suspicione

116 709 290 812 plerique
315 715 387 796 iam
408 711 620 810 absoluunt,
648 717 755 814 eique
782 713 1118 811 Leuakouichium,
1138 719 1201 815 qui

115 815 300 894 confidas
331 820 439 894 hasce
471 817 626 894 litteras·
646 817 696 893 ilii
730 823 937 918 tradiderit,
975 817 1202 904 substituunt.

115 927 172 998 At
202 926 344 1020 enirn,
367 923 392 997 sr
418 925 713 1001 Leuakouichius
748 929 1019 1029 augendorum,
1036 943 1077 1000 vt
1095 921 1200 1000 iada·

116 1049 203 1126 tur,
232 1037 420 1104 Romanae
444 1033 562 1105 curiae
584 1033 716 1106 iurium
744 1029 857 1108 caussa
876 1035 939 1107 has
964 1031 1100 1106 litteras
1120 1053 1202 1132 pro·

117 1136 248 1220 cudit3
277 1133 302 1206 sr
330 1131 443 1210 caussa
474 1133 713 1212 coartiandae
736 1163 862 1244 regum
883 1137 1090 1240 Hungariae
1119 1153 1203 1238 pot-

121 1237 241 1314 estatis
267 1245 309 1314 in
336 1237 572 1316 ecclesrasticis
599 1243 833 1344 dignitatibus
868 1238 1095 1318 conserendis
1129 1247 1203 1318 eas*

124 1345 210 1418 dem
240 1345 421 1420 confinxit
427 1371 440 1432 3
466 1343 789 1446 imprudentissime
822 1351 912 1440 haec
944 1348 1012 1424 iilis
1040 1347 1204 1422 inseruit:

123 1447 299 1552 Ecclefias
318 1459 421 1560 regni
435 1449 519 1551 fin,
537 1449 735 1555 praestanter
759 1475 793 1532 et
805 1457 981 1557 futuras,
1017 1449 1132 1552 nostra
1162 1475 1205 1528 ac

112 1550 351 1662 swcfflrurn
372 1555 561 1659 nrrssrnrrnn
582 1565 684 1657 vice,
712 1557 1010 1666 disponerentque
1032 1557 1207 1650 ordinare,

124 1663 312 1764 maratica
339 1667 566 1764 tutiorem,
597 1665 764 1766 fiirrr'liter
798 1665 1016 1765 tonceffimnr.
1083 1669 1241 1761 Atque.

124 1767 221 1842 haec
244 1792 320 1842 vna
341 1765 410 1844 fuit
431 1767 611 1870 potissima
633 1773 748 1866 ratio,
776 1795 839 1845 cur
853 1769 1145 1847 Leuakouichius
1164 1767 1208 1854 ad
1276 1805 1284 1822 ·

122 1875 223 1947 card.
244 1872 562 1952 Aldobrandinum
590 1874 780 1974 scripserit,
824 1875 857 1952 se
888 1867 976 1950 citra
1001 1869 1209 1952 consensum

120 1980 203 2052 eius
227 1977 379 2080 vulgare
397 1982 461 2064 has
487 1981 624 2056 litteras
654 1979 777 2055 ausum
796 1989 882 2056 tion
906 1978 1017 2060 fuisse.
1044 1981 1103 2079 (a)
1140 2011 1146 2034 ¹

222 2203 355 2276 LVIII.
381 2179 563 2278 Coronam
590 2227 740 2305 quoque
766 2203 981 2279 Shwartzius
1004 2220 1114 2302 negat
1141 2197 1209 2280 esse

122 2329 267 2382 munus
297 2307 483 2406 pontificis
510 2311 687 2406 Romani,
729 2309 786 2390 sed
808 2309 1048 2407 imperatoris
1084 2309 1205 2405 potius

123 2416 275 2486 Graeci.
330 2417 464 2486 Verum
485 2409 663 2490 affirmant
689 2409 910 2490 vetustissimi
927 2412 1111 2510 scriptores
1124 2439 1137 2498 ς
1165 2411 1211 2486 as·
1326 2479 1329 2484 .

122 2517 284 2592 sinuant
299 2515 362 2616 ipsr
379 2511 580 2621 Hungariae
604 2543 706 2620 reges
715 2545 727 2607 ;
755 2545 844 2593 num
863 2511 1064 2620 grauissimo
1076 2519 1209 2592 horum

123 2623 343 2699 testimonio
358 2643 361 2651 ·
375 2628 565 2698 nouitium
589 2629 796 2702 Schwartzii
835 2642 1095 2706 commentum,
1114 2647 1212 2723 prac-

124 2727 257 2803 ualere
282 2725 399 2828 potest
412 2731 428 2801 i
470 2735 613 2830 Praeter
641 2729 878 2806 domesticum
904 2729 1095 2806 Carthuitii
1119 2725 1211 2800 testi-

128 2836 326 2927 moninm,
351 2835 558 2929 Ditmarus,
594 2855 635 2908 vt
651 2837 751 2937 supra
771 2837 952 2928 ¹uidimus,
980 2829 1115 2926 asserit,
1147 2831 1212 2904 Ot-

123 2943 230 3014 tonis
254 2941 346 3038 imp.
374 2939 522 3014 hortatu
555 2947 589 3017 S.
614 2937 837 3044 Stepha'num'
869 2961 1028 3013 coronam
1053 2955 1086 3010 et
1114 2931 1211 3008 bene·

118 3043 316 3120 diHionem
341 3043 509 3152 acceprffl.
565 3050 652 3120 Guis
674 3071 763 3122 vero
789 3043 890 3116 sanus
916 3043 1109 3136 admittat,
1153 3035 1211 3112 vel

122 3155 318 3226 Ottonem
345 3151 526 3225 hortatum
551 3149 651 3226 fuisse
677 3149 927 3249 Stephanum,
953 3165 995 3222 vt
1021 3155 1045 3222 'a
1071 3149 1211 3220 Graeco

119 3259 259 3356 potius
282 3256 519 3353 imperatore,
548 3282 658 3357 quam
684 3281 705 3331 a
733 3253 788 3349 se,
824 3277 997 3329 coronam
1028 3255 1179 3352 accipiat
1196 3277 1218 3330 t

120 3359 187 3436 vei
217 3361 403 3436 Graecum
428 3363 682 3462 imperatorem
707 3363 891 3462 Stephano
922 3355 1211 3434 benedidionem

118 3463 286 3560 misisse,
307 3475 426 3564 'quam
442 3467 635 3566 pontifices
649 3470 823 3569 impertiri
838 3465 979 3540 soient?
1004 3461 1137 3538 Nullus
1154 3467 1214 3533 ve'-

115 3599 163 3648 ro
192 3573 396 3674 prohibere
418 3569 760 3675 Siluestrdpotuit,
785 3599 838 3652 ne
859 3593 1034 3646 coronam
1060 3566 1215 3644 clausam

20 3659 22 3766 i
117 3703 222 3754 rum
253 3679 356 3754 vittis
393 3679 684 3782 dependentibus
711 3681 755 3759 ad
791 3683 1012 3766 Graecorum
1049 3673 1217 3786 imitatio

922 3803 928 3814 '
1076 3801 1163 3859 nem
1177 3816 1192 3846 a

328 3899 1211 3952 manua-*W*

167 3993 229 4080 (a)
252 3993 329 4058 Hist-
346 3993 421 4059 Crir.
433 3995 569 4080 nepe..
581 3993 605 4060 l.
623 4015 657 4078 p·
671 4007 784 4078 3-47·
