2748 4300
509 183 667 258 ,REX
719 187 793 298 lv·
882 227 885 234 ·
997 217 1000 234 ·
1083 211 1151 287 141

121 341 163 412 S.
187 339 357 426 Andreae
386 367 499 446 prope
529 345 709 452 Vill‘egrad
728 343 912 456 hodieque
936 350 1059 428 titulus
1088 356 1208 435 exllat.

125 443 289 520 Mortuo
323 448 523 549 BretislaO‚.
560 459 759 534 Bohemiae
796 463 913 556 duce,
958 461 1207 558 wratislaum,

127 553 211 624 eins
236 547 374 650 filium,
416 583 443 632 a.
471 557 584 634 fratre
614 565 805 664 spitigneo
834 566 996 665 pullum,
1043 571 1210 646 Andreas

128 657 207 729 lroc
234 679 333 735 anno
360 662 517 765 benigne
538 673 704 766 recepit„
725 673 833 772 eique
853 670 961 748 filiam
979 671 1075 750 suam
1099 669 1207 750 Adel·
1330 755 1333 766 ,

125 759 275 840 haidem
307 789 458 842 vxorem
488 773 597 848 dedit.
625 771 684 868 (a)
1087 771 1096 782 ’
1313 775 1317 782 ’

225 959 280 1035 A.
305 959 350 1038 B.
383 971 496 1064 1056.
522 961 642 1069 Andr.
671 988 730 1044 10.
758 963 835 1045 Ind.
860 993 900 1063 9.
927 967 966 1044 P.
996 989 1031 1065 7.
1058 969 1111 1045 A

229 1155 349 1230 CXIX.
376 1157 474 1229 Inter
498 1153 652 1254 multos,
679 1181 772 1258 quos
798 1183 842 1234 ex
868 1161 1081 1239 Germaniae
1112 1172 1210 1266 prin·
1264 1227 1268 1240 .

125 1261 274 1359 cipibus
302 1285 403 1352 mors*
426 1263 498 1338 hoc
532 1287 627 1337 anno
661 1261 818 1360 sullulit,
859 1285 935 1341 erat
964 1271 1216 1372 adalbertus,

129 1367 297 1444 Austriae
322 1369 511 1466 marchiO,
537 1372 639 1443 cuins
668 1373 804 1442 meritis
843 1377 1020 1451 Henricus
1058 1381 1209 1478 impera·

129 1493 190 1546 tor
218 1475 344 1574 dedit,
373 1497 413 1548 vt
443 1477 732 1577 Babenbergicae
766 1476 879 1576 llirpis
912 1483 1091 1582 principes
1131 1489 1209 1558 Au-

126 1575 231 1654 striae
265 1579 484 1681 praecident,
512 1583 677 1680 patrique
701 1579 875 1657 defuncto
903 1581 995 1679 nlius
1016 1578 1213 1686 Ernestns,'
1268 1651 1272 1659 .

128 1707 150 1758 e
175 1683 303 1760 sororis
327 1693 361 1760 S.
388 1689 557 1787 Stephani
588 1687 658 1760 filia
684 1708 807 1788 natus,
835 1701 897 1776 28.
920 1695 1017 1766 ¹Maii
1047 1691 1211 1768 succede·

9 1878 11 1902 ι
102 1811 195 1880 Ἰηπ.
251 1797 428 1868 Henricus
454 1796 673 1892 imperator,
703 1817 834 1890 quarto
864 1795 941 1896 post
965 1795 1064 1872 illum
1087 1799 1207 1873 mense

112 1887 203 1976 ‘fato
229 1898 397 2078 f¹¹¹¹44l¹⁵²
429 1926 463 2000 3.
495 1894 665 1973 octobris
695 1901 893 1973 Henritum
925 1907 988 1980 lv.
1018 1903 1231 1978 sexennem

125 2003 277 2104 lilium²
320 2001 538 2082 uecefforern
567 2001 722 2102 reliquit.
776 2007 939 2080 Andreas
966 2013 1098 2110 igitur,
1140 2011 1209 2084 hae

121 2133 231 2212 parte
255 2109 410 2188 hostium
441 2133 542 2186 metu
565 2107 773 2212 liberatus,¹
800 2112 1010 2188 durantibus
1035 2113 1209 2189 intestinis

125 2221 291 2292 motibus
314 2221 357 2293 ab
387 2219 591 2316 Hungariae
614 2217 749 2288 iuribus
768 2213 901 2296 auulsas
921 2225 1128 2296 Pannoniae
1151 2226 1210 2294 Sa.

124 2325 208 2397 uiae
235 2347 353 2424 partes
381 2325 646 2416 vindicaturus,
672 2323 858 2396 Radonem
892 2323 1119 2423 palatinum,
1148 2351 1209 2402 cn-

8 2465 9 2468 *
123 2431 183 2501 ius
208 2453 305 2530 erat,
334 2427 478 2513 absente
505 2451 611 2527 rege,
640 2423 735 2499 belin
760 2431 937 2528 praecise,
963 2436 1077 2532 copiis
1106 2439 1207 2504 Hun-

8 2611 9 2614 ,
123 2537 254 2634 garicis
272 2533 468 2635 praefecit,'
490 2530 680 2632 amnisque
697 2529 844 2608 feliciter
865 2540 1011 2636 recepit.
1065 2541 1106 2610 Id
1127 2535 1206 2636 post

8 2659 9 2664 ’
126 2661 266 2726 annum
289 2641 505 2741 superiorem
534 2635 664 2710 sactum
695 2635 784 2734 elle,
828 2662 929 2744 patet
953 2645 1061 2739 inde,
1102 2643 1206 2741 quod

125 2741 200 2818 illic
227 2749 347 2821 Zache
375 2744 552 2848 palatinus
579 2740 738 2846 legatur,
766 2769 876 2845 quem
901 2749 1002 2822 Rado
1028 2771 1115 2830 mox
1147 2767 1206 2820 ex-
1250 2787 1272 2822 a.

8 2907 10 2910 .
123 2847 253 2950 cepilse
280 2855 435 2926 videtin.
461 2849 522 2948 (b)

193 3018 247 3096 A.
282 3021 318 3095 C.
351 3040 463 3122 1057.
489 3017 609 3098 Andr.
641 3043 702 3101 11.
729 3020 805 3099 Ind.
837 2999 959 3100 rose
993 3043 1055 3119 30.
1084 3020 1139 3098 M.
1225 2969 1231 2996 ¹

219 3192 323 3265 CXX.
354 3191 461 3268 Gnod
492 3217 576 3270 cum
601 3183 770 3268 consensu
805 3195 900 3290 regis
930 3193 1098 3268 Andreae
1125 3217 1214 3270 coe·-

115 3299 275 3374 nobiu'm
303 3323 400 3373 anno
420 3303 586 3396 proximo
614 3301 715 3372 Rado
739 3295 920 3397 palatinus
946 3300 991 3370 ad
1021 3303 1153 3384 Sanum
1172 3299 1207 3378 fl.

118 3405 253 3479 llruere
287 3409 436 3503 eoepit3
479 3401 566 3480 illud
605 3425 642 3478 et
678 3397 722 3478 ad
764 3405 977 3490 coronidem
1005 3410 1076 3480 hoc
1107 3433 1205 3504 anno

116 3509 316 3611 perduxit,
343 3509 524 3586 ersendis
553 3503 771 3610 amplifflmis
797 3509 969 3608 donauit,
995 3531 1034 3586 et
1060 3514 1102 3584 ab
1127 3517 1205 3586 An-

51 3679 57 3700 ,
115 3619 203 3690 drea
233 3611 550 3696 confirmationem
580 3619 687 3690 huius
709 3615 930 3718 aliarumque
960 3619 1202 3691 donationum

112 3723 151 3798 in
176 3717 333 3822 publicis
352 3724 457 3825 regni
487 3725 666 3823 comitiis,
695 3719 810 3798 Albae
846 3729 966 3826 regiae
995 3717 1202 3810 celebratis,

1033 3847 1153 3930 'tmpe-

117 3957 1203 3992 mmmm-...mm

157 4029 215 4116 (a)
235 4033 310 4099 lun.
324 4033 375 4098 Cr.
391 4033 430 4104 T.
446 4032 486 4102 11.
505 4057 533 4125 p.
549 4053 723 4105 rar-121.
766 4031 813 4112 (b)
837 4029 912 4094 ibid.
930 4052 959 4112 p·
977 4029 1152 4096 natural·
