2738 4304
220 197 273 272 db
423 198 456 270 S.
510 191 998 276 suer'HAst

164 357 214 436 set
233 383 358 438 autem
382 365 455 440 hoc
478 366 627 442 nomine
651 369 805 463 tertius,
826 367 848 441 fi
878 387 980 468 pater
1009 375 1044 444 S.
1065 372 1245 469 Stephani

162 489 226 548 rex
249 472 338 546 item
361 467 488 549 fuisset.
542 474 584 544 ld
607 473 709 572 quod
736 472 821 547 Bela
845 477 906 550 IV.
934 480 980 550 ad
999 480 1127 558 viuum
1158 475 1250 551 rest·

164 577 360 671 cat,⁴dum
388 579 426 650 in
449 573 594 677 litteriS,
620 602 717 652 anno
750 587 862 679 1263.
889 583 1153 684 praepositurae
1172 585 1246 656 Ta·

83 767 86 780 .
167 681 255 754 tensi
272 683 363 756 datis
374 737 388 780 ,
415 685 462 758 ita
478 678 657 784 loquitur:
675 686 734 783 (a)
762 686 1002 794 Antereffores
1022 685 1151 790 nostri,
1159 693 1246 790 pia.-

165 793 365 885 nremorr'ae,
396 785 501 888 Geisa
519 787 621 885 dux,
645 811 695 890 ¹etr
711 791 746 866 8.
777 791 990 894 Stephanus,
1021 793 1123 896 filius
1147 799 1246 890 eeu,

136 955 146 998 ,Ι
158 897 296 995 prienes
316 891 527 1004 Hungariae
558 919 624 969 rex
651 927 704 956 ι-
739 901 827 972 (suis
855 899 934 1000 post
958 919 1032 974 tam
1057 897 1246 974 luculenta

164 995 367 1075 testimonia
386 1023 464 1074 non
491 1001 661 1100 miretur,
689 1007 935 1104 Horanyiu'm,
961 1007 1147 1106 Detfium,
1174 1021 1248 1080 cet.

165 1104 283 1178 adhuc
309 1101 585 1181 Peltzimizare'i
614 1105 674 1206 (b)
1246 1141 1251 1148 ·

184 1355 188 1364 -
248 1312 300 1390 A.
334 1311 371 1388 c.
401 1335 517 1393 1001.
547 1274 662 1422 steps.
689 1315 729 1396 ἰ.
756 1313 832 1394 nr.
864 1339 923 1425 14.
950 1313 990 1393 r.
1023 1337 1082 1414 ις.
1109 1315 1162 1390 A.

260 1535 331 1606 LX.
359 1537 392 1604 8.
423 1533 651 1632 Stephanus,
687 1533 884 1609 constituto
916 1535 987 1606 iam
1017 1555 1156 1633 regno,
1196 1535 1245 1607 de

167 1633 295 1740 popuii
321 1635 372 1712 sui
396 1633 518 1712 salute·
534 1635 730 1739 sollicituS,
759 1657 899 1742 praeter
930 1638 1149 1714 cathedrales
1185 1639 1249 1714 ba·

113 1824 116 1837 ,
167 1743 300 1840 filices,
328 1740 459 1818 multas
488 1747 526 1817 in
564 1747 743 1844 vrbibus,
769 1747 913 1848 oppidis
935 1747 1100 1844 vicisque
1131 1743 1246 1818 sacras

114 1840 128 1965 *p
167 1853 272 1926 aedes
293 1849 486 1937 exstruxit3
513 1849 685 1954 pluraque
712 1851 948 1948 monasteria,
974 1873 1049 1952 quo
1064 1847 1247 1925 sandion-

166 1958 231 2030 bus
260 1951 381 2030 studiis
414 1954 482 2030 aen
505 1955 571 2034 sese
599 1961 820 2060 reciperent,
848 1960 1085 2060 precibusque
1111 1954 1179 2030 suis
1199 1979 1245 2031 ac

164 2067 341 2137 bonorum
381 2085 534 2162 operum
583 2067 719 2140 meritis
760 2067 908 2138 DEVM
938 2066 1014 2166 regi
1053 2085 1250 2165 regnoque

166 2169 363 2269 propitium
385 2170 599 2269 redderent,
626 2173 808 2246 excitauit„
861 2171 942 2244 Hoc
977 2193 1073 2244 enno
1108 2191 1249 2242 coeno-

164 2277 285 2370 bium,
312 2276 352 2346 in
378 2293 504 2350 monte
533 2280 739 2350 Pannoniae
769 2275 896 2372 ficum,
924 2300 943 2348 a
967 2293 1067 2374 patre
1090 2276 1161 2349 iam
1191 2277 1250 2346 in-

164 2383 360 2479 choatum,
386 2381 431 2452 ad
458 2378 637 2484 festigium
657 2385 850 2482 perduxit3
877 2403 917 2454 ac
943 2405 1106 2478 memor,
1134 2381 1246 2454 cuius

108 2494 109 2502 ’
164 2481 318 2586 auspicio
342 2507 458 2585 nuper
479 2485 667 2563 viiioriam
689 2490 736 2562 de
762 2490 864 2586 Cupa
885 2482 1077 2582 retuliiiet,
1104 2489 1142 2562 in
1180 2486 1254 2562 ho·

164 2614 291 2665 norem
318 2591 351 2666 8.
367 2595 518 2670 Martini
534 2593 717 2668 beneficiis
735 2585 955 2692 ampliffimis
973 2593 1154 2687 donauit,
1184 2591 1252 2663 da·

107 2776 109 2782 ,
165 2699 212 2770 tis
241 2697 406 2796 publicae
428 2697 513 2772 fidei
529 2692 681 2797 litteris,
709 2721 802 2797 quae
828 2693 981 2772 cauffam
1005 2715 1045 2772 et
1061 2697 1251 2796 magnitu-

165 2805 287 2878 dinem
315 2801 597 2901 beneficiorum,
624 2812 658 2880 8.
674 2805 821 2878 Martini
837 2805 975 2876 meritis
994 2821 1251 2902 acceptorum,

162 2907 309 3010 posteris
334 2909 594 3011 consignarent,
665 2913 799 2983 Earum
830 2905 996 3009 epilogus
1026 2913 1076 2984 ita
1111 2908 1253 2981 habet:

163 3014 272 3091 Anno
294 3015 383 3092 dour.
401 3022 538 3092 incarn.
557 3013 630 3091 MI.
660 3013 782 3093 indier.
815 3011 898 3094 XV.
933 3040 1024 3090 anno
1052 3009 1252 3116 Stephani,

155 3127 268 3221 primi
295 3127 390 3230 regis
414 3117 641 3228 Vngrorum,
655 3118 822 3222 secundo.
846 3171 850 3178 -
873 3125 955 3194 ouo
979 3123 1180 3220 docemur,
1206 3123 1248 3194 8.

161 3227 383 3326 Stephanum
410 3251 487 3300 non
513 3247 657 3302 tantum
683 3230 841 3332 primum
862 3227 1068 3326 Hungariee
1092 3247 1253 3323 regem,

159 3330 218 3405 sed
241 3335 350 3408 etiam
385 3355 483 3406 anno
511 3331 691 3433 superiore
717 3349 934 3421 coronatum
960 3327 1069 3406 fuisse.
1122 3333 1252 3404 Vene-

161 3439 289 3512 randas
314 3439 377 3514 has
403 3461 513 3512 canae
540 3435 721 3514 vetustatis
744 3433 913 3537 reliquias
941 3461 962 3511 e
985 3435 1153 3510 manibus
1179 3459 1253 3542 no·

161 3543 236 3618 stris
272 3561 444 3620 excutere
481 3563 636 3618 conatus
677 3543 827 3644 quidam
856 3540 1076 3618 Posonieniis
1110 3563 1258 3639 anony-

163 3674 244 3723 mus
275 3675 372 3724 anno
406 3667 520 3744 1779.
547 3672 636 3722 mox
662 3673 682 3721 a
709 3649 904 3724 triumuiris
939 3649 1084 3750 egregie
1122 3647 1260 3721 confu-

161 3775 258 3829 tatus
285 3755 334 3830 est
365 3779 463 3830 anno
489 3766 605 3852 1780.
657 3751 815 3830 Manfius
842 3775 967 3831 earum
984 3751 1096 3830 fidem
1114 3749 1258 3851 eleuat,

1087 3859 1193 3959 quod

204 4069 249 4156 (a)
273 4065 349 4133 ibid.
369 4087 397 4149 p.
418 4088 493 4152 384.
535 4066 584 4148 (b)
605 4071 678 4136 Hist.
697 4069 772 4133 cnr.
795 4071 835 4138 R.
860 4069 898 4138 Τ.
919 4069 945 4134 1.
965 4087 996 4150 p·
1017 4085 1155 4154 47-92.
