2744 4298
216 43 235 82 S

485 117 871 292 aaran(
1063 191 1225 285 4874
1321 117 1330 136 ’

23 419 26 442 ,
106 349 218 434 nimiu
240 341 454 438 exultatione
480 347 623 450 repleti,
651 345 743 434 data,
757 345 837 444 die,
863 341 905 422 de
929 345 1088 424 enereitu
1104 349 1198 421 exie·

22 443 26 542 [
109 472 202 528 rant.
256 449 308 528 Et
331 477 435 556 quam
450 478 565 532 omnes
587 449 816 562 conglobati,
843 447 974 530 duobm
998 472 1065 538 ¹aot
1080 443 1200 532 tribur
1218 445 1276 567 ῥ’

23 565 24 570 ’
107 553 262 636 millibus
280 554 507 666 proceffiffent
515 587 532 653 ,·
550 553 679 658 statim
705 557 797 658 mrffl
819 563 979 662 equitum·
1001 565 1121 653 cunei,
1147 561 1197 634 ir·
1274 569 1309 660 '⁸

21 655 25 680 ⁸
108 684 254 744 ruerant
272 668 310 740 in
329 687 405 762 eos,
432 689 515 768 quos
527 663 698 768 fimtliter
719 665 853 774 gladiis
872 661 1141 764 detruncantes,
1156 667 1202 744 ior

19 840 23 880 r
108 763 186 870 ipsa
204 769 360 874 planicie
376 765 655 874 prostraurrunt.
684 773 745 870 (a)
1178 769 1181 776 ⁴

207 935 380 1012 CCCXG
406 913 579 1014 Reditum
603 946 840 1014 Tartarorum
866 939 978 1014 etiam
1008 937 1200 1038 Rogerius,

17 1067 18 1100 ³
111 1040 186 1144 ipse
219 1065 371 1143 quoque
399 1045 471 1118 iam
502 1050 691 1145 captiuus,
735 1043 809 1119 fuse
842 1041 1020 1118 describit,
1081 1042 1119 1117 T
1112 1050 1200 1140 uni,

113 1151 262 1249 inquit,
290 1144 352 1246 (b)
381 1157 550 1332 coeperas
563 1158 740 1260 cogitare,
766 1181 820 1221 r·-
845 1149 960 1256 quod5
983 1145 1083 1226 nobis
1101 1145 1203 1226 Han·
1325 1197 1334 1212 ι

15 1279 16 1310 ³
111 1260 256 1364 gatiam
277 1261 420 1331 exeunti
444 1281 506 1353 us,
534 1257 655 1336 dotari
676 1257 870 1363 efflat'nos
897 1281 1011 1332 omnes
1033 1259 1201 1362 voragini

14 1385 15 1388 ’
144 1357 327 1438 ladioruro.
380 1359 434 1437 Et
456 1387 562 1468 quum
586 1370 659 1442 iarn
686 1359 775 1438 milti
801 1361 944 1440 uiuendi
958 1361 1097 1465 silacia
1127 1359 1202 1437 nul·

114 1389 150 1544 lo
174 1463 253 1572 effer
261 1495 279 1561 ,·
304 1507 357 1525 -
383 1473 567 1576 cogitaui,
595 1468 929 1564 neaustriam,
958 1493 1062 1572 quaro
1086 1483 1204 1565 prote·
1284 1530 1286 1537 .

114 1572 243 1672 dendo,
270 1569 405 1678 afflduis
432 1601 507 1650 oaor
520 1575 599 1652 abus
631 1581 794 1652 eruciari.
848 1571 1044 1675 Postquam
1066 1569 1099 1648 se
1124 1567 1202 1644 sub·
1248 1629 1253 1634 .

115 1675 286 1778 duxisset,
314 1695 353 1754 et
383 1679 523 1778 biduo,
550 1685 657 1756 ramis
674 1677 865 1780 ,loliIsque
882 1675 998 1753 tellus
1025 1679 1063 1750 in
1094 1672 1202 1774 filua,

17 1817 21 1826 ·
114 1785 186 1862 fine
209 1785 295 1860 cibo
328 1781 510 1873 iacuillett
534 1785 659 1862 frustra
682 1781 997 1885 tentauitstaccarn
1014 1777 1201 1860 herbarum

105 1885 316 1994 filutstrium
338 1887 530 1998 deglutire,
557 1893 616 1969 uel
628 1887 719 1990 ipsas
739 1887 887 1988 loerlar,
915 1892 1134 2068 adficiunt
1147 1887 1204 1964 be·

104 1993 217 2096 stiae,
245 1991 436 2098 masticare.
492 1999 660 2072 Tandem
681 2019 767 2072 cum
796 1999 941 2072 duobus
981 1996 1071 2070 ociis
1091 1989 1205 2096 egres·

114 2101 191 2199 sus,
217 2097 458 2202 bafidcarum,
496 2105 574 2202 ait,
601 2102 812 2203 campanilia
841 2103 882 2180 eit
913 2103 983 2180 loco
1008 2099 1067 2177 ‘ad
1091 2099 1204 2176 locunt

115 2227 218 2282 crata
239 2204 339 2284 nobit
357 2203 468 2314 figora
494 2209 678 2308 ducentia,
705 2231 741 2288 et
769 2203 843 2311 ipsit
856 2215 968 2310 „uiam
992 2203 1093 2286 nobis
1105 2201 1206 2309 stetit

113 2307 292 2390 torridam
307 2312 600 2426 praesignabant.
656 2315 754 2393 Nam
774 2335 876 2394 erant
896 2323 978 2418 uiae
1004 2331 1038 2388 et
1051 2309 1204 2414 semitae

115 2425 342 2524 antiquatae,
369 2442 405 2498 et
424 2418 470 2498 ab
499 2416 677 2500 herbicat
703 2419 866 2524 uepribus
889 2423 1047 2500 totaliter
1062 2435 1209 2521 occupa-1
1339 2417 1351 2446 ⁸

113 2545 183 2604 tae.
210 2557 264 2584 ·-
290 2561 344 2585 -
380 2526 555 2629 Quamuis
580 2524 746 2628 scorpius,
791 2551 870 2602 nete
892 2549 980 2604 etate
1043 2519 1208 2601 uaercndi

114 2629 282 2708 uaiiualia
307 2649 473 2738 cogente,
500 2629 575 2705 loca
590 2619 797 2733 petierimus
819 2629 992 2736 quondam
1056 2625 1205 2721 litarat

116 2759 308 2838 numquam
326 2754 444 2811 tamea
463 2730 574 2836 moster
590 2733 778 2836 turusfuit
791 2731 967 2836 desecaſset
976 2763 993 2830 ;
1018 2733 1122 2813 donce
1138 2757 1205 2808 rea·

117 2839 204 2916 Belo
233 2843 429 2918 maritimis
455 2839 496 2916 de
518 2838 698 2942 partibus.
709 2857 777 2944 per
801 2843 989 2945 cruciferos
1021 2839 1062 2919 de
1091 2834 1206 2940 insula

106 2941 231 3024 =llleodi
258 2965 293 3022 et
324 2943 479 3024 dominos
501 2943 542 3022 de
565 2943 669 3023 Fron
698 2944 882 3050 epaaibus,
910 2945 1030 3026 multis
1048 2947 1206 3058 agmini·

118 3047 184 3131 bus
203 3051 356 3130 militam
381 3049 544 3150 adiutus,
571 2973 783 3156 certilratas
798 3035 908 3154 priua,
919 3071 986 3158 per
1014 3051 1209 3162 ilungaros

118 3155 159 3234 de
180 3153 307 3266 reeeffio
334 3156 581 3256 Tartararum,
607 3163 647 3236 in
667 3157 898 3266 Hangoriam
917 3163 1026 3238 venit.
1060 3163 1203 3258 Magno

117 3263 282 3339 historiae
308 3257 537 3366 H‘ungarlcae
566 3265 666 3342 bono
693 3265 761 3340 hic⁴
776 3265 976 3366 Rogerius,
1002 3263 1084 3366 post
1117 3259 1208 3338 tole'·

120 3389 216 3445 ratas
235 3387 294 3445 tot
318 3391 508 3445 aerumnas
535 3371 580 3444 ad
603 3369 840 3471 metropolim
858 3367 1101 3471 spalatensem
1121 3391 1205 3444 eue·
1236 3363 1264 3423 '-

119 3473 222 3574 ἃιιε,
265 3473 406 3552 cladem
432 3477 653 3552 Tattaiicam
678 3475 882 3577 descripfit,
924 3479 970 3554 de
992 3499 1065 3577 qua
1094 3479 1211 3570 Turo-

118 3585 212 3658 taius
242 3583 443 3657 admodum
483 3585 604 3658 ieiune
639 3583 731 3658 haec
777 3583 968 3658 dumtaxat
1008 3583 1207 3657 memoriae

116 3690 409 3772 commendauit:
439 3691 498 3788 (c)
528 3691 639 3765 Anno
667 3687 755 3764 dom.
786 3685 994 3768 MCCXLI
1015 3681 1088 3791 ipsa
1119 3685 1206 3767 Bela
1271 3691 1274 3698 '
1307 3744 1310 3753 ,

583 3799 618 3866 H
645 3793 725 3894 h4
1001 3819 1155 3904 regnan·
1345 3819 1348 3839 ⁴

140 3975 209 4065 ¹(a)
232 3980 310 4063 Hist,
332 3981 385 4048 Cr.
408 3977 450 4045 Τ.
473 3985 510 4048 V.
539 4003 569 4059 tp
595 3969 812 4068 eoedsstotss.
862 3979 908 4054 (b)
931 3983 1122 4054 cormunis.
1140 4005 1207 4067 cap.
1241 3955 1246 3988 ί

211 4064 276 4134 XL.
325 4066 770 4152 (c)0u0n.l’.ll.eup·75.
936 4111 939 4120 ,
1092 4113 1095 4120 -
