2748 4300
213 158 287 237 ωε
418 146 976 258 0snn15vatnnn

244 315 299 396 A.
331 314 369 394 C.
400 337 513 416 1042.
540 311 647 422 Abrae
673 339 710 395 2.
738 315 814 394 lad.
845 339 906 396 10.
933 315 974 394 P.
1005 339 1064 394 11.
1091 315 1142 390 A.

250 493 398 586 XCVII.
423 493 526 591 Aba,
540 504 603 569 rex
619 499 691 569 iam
709 490 969 596 inauguratus,
987 495 1140 594 gratiam
1160 491 1241 572 suo·

159 621 240 672 rum
267 619 535 699 aucupaturos,
562 597 640 676 asia
654 604 749 674 Petri
766 601 931 696 rescidit,
959 623 999 674 ac
1015 589 1240 698 exaiiiones,

157 707 337 804 Hungaris
364 704 564 806 impostas,
590 704 733 782 sustulit.
761 709 819 800 (a)
871 712 970 780 Guae
994 727 1051 780 res
1079 703 1241 780 subdito·

159 833 239 884 rum
266 812 405 884 animos
430 834 467 886 et
490 835 509 882 a
530 819 639 888 Petro
657 815 757 912 prius
776 816 929 906 auertit,
956 831 993 886 et
1016 811 1117 883 Abae
1135 833 1241 886 nunc

156 918 207 993 ita
234 913 463 1011 conciliauit,
490 917 608 1009 vtvel
632 911 833 993 hoc-titulo
859 939 994 992 nouam
1022 915 1146 1009 Abae,
1175 912 1238 992 seu

158 1025 293 1124 patris,
320 1019 596 1120 appellationem
617 1027 835 1124 promeritus
856 1006 954 1100 suisse
969 1023 1143 1094 videatur.
1172 1027 1241 1097 Pe·

70 1175 73 1182 ·
155 1146 236 1206 trus
258 1129 597 1228 interea‘primunr,
637 1148 678 1204 vt
702 1127 804 1228 supra
831 1131 1010 1223 vidimus,
1054 1129 1099 1199 ad
1125 1125 1238 1202 Adal·

63 4179 135 4222 -k

158 1231 302 1306 bertum
328 1227 489 1332 affinem,
524 1235 688 1314 nustriae
711 1237 979 1328 marchionem,
1007 1231 1132 1309 euasit:
1170 1237 1241 1336 qui

158 1341 416 1436 Hungarorum
435 1363 532 1415 arma
557 1343 714 1438 veritus,
745 1337 871 1416 auctor
900 1341 1018 1414 eidem
1052 1357 1153 1438 erat,
1194 1357 1239 1412 vt

159 1442 203 1513 ad
224 1445 441 1542 Henricum,
469 1450 684 1522 Germaniae
708 1465 854 1547 regem,
890 1447 958 1548 qui
981 1432 1062 1546 plui
1090 1447 1170 1548 opis
1200 1449 1239 1520 ei

158 1543 248 1622 serre
270 1537 398 1648 possit,
424 1549 470 1624 se·
486 1555 674 1655 reciperet.
742 1555 833 1626 fluia
858 1572 982 1627 tamen
1007 1555 1135 1624 Petrus
1162 1553 1239 1624 iras

159 1654 333 1752 Henrici‚
360 1657 420 1730 cui
442 1657 496 1734 bis
522 1661 714 1732 inimicum
739 1657 771 1732 se
800 1659 986 1758 praebuit,
1027 1655 1238 1734 extimesce·
1360 1697 1361 1708 κ

121 1819 123 1824 .
158 1760 240 1859 patr,
264 1763 303 1852 in
326 1758 424 1862 spem
448 1760 586 1838 eresius
614 1765 657 1837 ab
687 1763 888 1838 Adalberto
914 1762 1153 1860 marchione,
1169 1764 1239 1864 qui
1360 1787 1361 1804 ¹

156 1861 232 1938 suas
252 1868 362 1941 etiam
383 1891 511 1966 preces
531 1872 626 1970 apud
650 1873 852 1944 Henricum
877 1865 1111 1966 interposuit,
1139 1890 1243 1968 prae·
1360 1921 1361 1930 κ

157 1967 319 2073 sentique
346 1969 551 2048 necessitate
578 1971 802 2076 compulsus,
828 1977 864 2048 ci
887 1975 1036 2049 tandem
1054 1969 1087 2046 se
1105 1971 1240 2072 suppli-

158 2097 240 2148 cem
268 2076 377 2172 stitit,
405 2101 445 2152 ac
468 2101 541 2152 tam
558 2084 772 2180 praeteritae
787 2077 915 2180 culpae
938 2081 1102 2176 veniam,
1124 2101 1241 2178 quam

160 2183 281 2262 auxilii
297 2179 410 2256 futuri
422 2183 519 2284 spem
536 2187 716 2284 obtinuit,
732 2205 797 2282 vt,
814 2195 955 2286 praeter
967 2189 1239 2280 Hermannum,

157 2283 259 2385 supra
277 2286 486 2387 laudatum,
513 2291 723 2390 Hepidanus
749 2293 952 2366 monachus
975 2293 1013 2362 in
1045 2290 1135 2364 haec
1159 2313 1242 2362 ver·

160 2392 204 2464 ba
228 2390 390 2468 testatur:
420 2393 481 2494 (b)
494 2393 658 2492 ..Petrum
684 2423 750 2473 rex
771 2393 1033 2505 Vagariorum,
1050 2423 1071 2470 a
1088 2391 1248 2499 quodam,

159 2501 284 2574 comite
300 2493 367 2598 fito
385 2507 536 2604 turpiter
552 2508 694 2604 proprio
720 2529 826 2610 regno
850 2499 1032 2602 expulsas,
1059 2501 1110 2577 ad
1124 2493 1242 2600 ipfitm

158 2627 276 2708 regem
309 2603 514 2684 Heiaricum
526 2667 538 2706 ,
581 2605 764 2712 deprecans
803 2609 997 2708 auxilium,
1044 2606 1238 2712 confugit:
1360 2643 1361 2700 3

157 2715 253 2784 cuius
280 2712 514 2812 infortunium
541 2739 607 2788 rex
623 2714 815 2815 piiffimas‘,
843 2717 1003 2816 quamuis
1018 2717 1121 2814 prius
1135 2709 1182 2786 ab
1199 2735 1237 2784 eo

158 2812 287 2912 laſsas,
314 2813 480 2917 unsarans
494 2813 628 2916 strrtem
653 2815 822 2896 humanae
839 2817 1091 2925 fragilitatis,
1106 2815 1242 2922 stettin

15 2904 19 2923 ¹
104 2973 106 2988 ·
163 2919 235 3020 ipse
258 2942 375 3000 autem
402 2917 594 3030 paternam
610 2919 778 3024 solatiam
812 2923 914 3002 rebus
937 2945 971 3002 et
994 2920 1118 2998 verbis.
1140 2915 1243 2996 exii-
1360 2973 1361 2990 ,

158 3021 245 3106 buit.
299 3029 404 3131 Aba,
430 3025 590 3130 primtim
629 3053 695 3130 per
722 3025 861 3129 legatos
893 3030 1054 3104 animum
1087 3027 1239 3102 Henrici
1360 3009 1361 3040 ³

160 3131 300 3234 placare
327 3155 505 3230 conatus,
532 3159 645 3233 quum
672 3132 761 3209 nihil
785 3132 1028 3238 impetrasset,
1076 3127 1238 3206 colleffis

160 3243 297 3340 copiis,
324 3239 504 3316 Austriarn
533 3241 678 3339 inuafit,
705 3260 743 3314 ct
761 3242 806 3316 ad
829 3239 982 3316 fluuium
998 3261 1112 3338 vsque
1129 3241 1242 3311 Tres·
1360 3299 1361 3304 ,

161 3365 257 3420 mam
283 3343 404 3440 erasit,
430 3345 542 3422 altera
574 3346 629 3422 die
652 3347 726 3451 post
750 3334 1050 3454 quadragtsmaam
1060 3405 1072 3442 ,
1099 3363 1140 3419 vt
1164 3345 1242 3415 Ha·
1360 3425 1361 3436 ¹

160 3449 356 3526 selbachius
379 3455 501 3526 tradit.
527 3455 582 3548 (c)
608 3453 673 3524 His
698 3456 814 3552 prima
833 3457 957 3528 Martii
976 3452 1142 3552 patratiS,
1157 3443 1242 3522 lon·

164 3559 247 3657 gius
270 3557 374 3634 Abac
400 3575 551 3699 tempus,
570 3573 667 3678 erat,
692 3583 803 3659 quam
836 3577 878 3636 vt
907 3556 1084 3658 quiescere
1094 3549 1243 3734 Spippssset.

169 3837 658 3871 μὴ*
668 3833 1246 3858 .,.............................

203 3906 256 4026 (a)
271 3907 389 3990 Turota.
410 3931 442 3993 Ρ.
461 3929 501 3992 11.
522 3877 587 4012 cap.
610 3927 659 4012 3⁶.
704 3931 753 4016 (b)
776 3931 823 3994 Ad
845 3932 886 3992 Α.
904 3925 941 3998 C.
966 3943 1054 4012 1047.
1096 3923 1143 4014 (c)
1165 3902 1242 4012 'Apo

212 4109 216 4120 1
270 4013 379 4087 Galles.
398 4015 432 4076 Ρ.
451 4013 617 4100 10p0332.
1155 4044 1156 4056 ¹
1279 4080 1284 4089 ,
1360 4017 1361 4042 ¹
