2738 4304
1049 109 1065 141 N

289 237 345 316 ,ο
444 151 1242 286 ,ssrorunnvs,·

236 390 336 463 enim
360 385 527 458 innuunt·
544 383 633 454 haec
657 384 691 452 S.
719 381 893 479 Stephani
923 379 1054 474 verba,
1097 373 1223 452 litteris
1249 373 1331 456 ab·

190 501 192 509 ⁴
235 476 354 566 haliae
383 495 416 562 S.
447 489 597 560 Martini
616 485 721 558 ,datis
744 481 891 560 inserta:
916 483 1014 564 Inter
1045 485 1249 562 Teutonicos
1281 507 1324 564 et

236 595 432 700 Hungaras
441 589 570 692 seditio
585 597 742 672 maxima
765 612 975 666 excreuerat.
1016 583 1200 664 Inuidiam
1213 613 1324 664 nem-

238 727 283 806 pe
317 702 496 799 Hungaris
533 698 710 792 mouerit,
753 697 855 795 quod
878 697 1099 794 Germanos,
1142 696 1323 774 homines

235 812 379 902 nouos,
420 797 635 902 amplissimis
657 797 856 874 latifundiis
880 802 1068 900 donatos,
1113 799 1320 901 insignibus

234 915 419 986 honorum
458 908 717 1010 praerogatiuis
755 919 922 1006 ornatos,
971 907 1104 1008 sibique
1133 903 1322 1005 praelatos

232 1015 537 1116 conspicarentur.
589 1014 741 1086 Acuerit
759 1035 887 1085 eorum
910 1015 1226 1113 indignationem,
1247 1017 1320 1112 qui

233 1121 431 1197 Christiana
458 1117 552 1192 sacra
583 1115 871 1214 detestabantur,
912 1113 1175 1218 quod·''horum
1202 1135 1322 1216 opera

232 1247 310 1300 tam
334 1222 437 1298 Geisa
463 1225 588 1322 ptius,
616 1245 726 1322 quam
753 1247 852 1296 nunc
878 1225 1082 1324 Stephanus
1118 1227 1161 1297 ad
1197 1227 1319 1298 eradi-

200 1413 207 1430 „
232 1333 390 1406 candum
418 1351 462 1403 ex
486 1331 670 1428 Hungaria
694 1327 846 1402 deorum
872 1325 1015 1425 cultuns
1036 1347 1206 1419 uteretur.
1246 1333 1317 1403 His

229 1439 370 1537 igitur,
414 1453 503 1534 quas
537 1434 731 1533 putabant,
770 1435 907 1506 iniuriis
936 1429 1110 1532 insimili,
1144 1435 1313 1510 furorem

231 1542 333 1616 suurn
359 1543 397 1612 in
420 1561 483 1614 eos
509 1532 786 1638 expromserint3
814 1561 890 1613 non
915 1561 1063 1638 eorum,
1086 1565 1166 1614 non
1196 1541 1310 1640 ipsius

124 1672 127 1680 ·
231 1650 334 1720 ducis
366 1644 542 1746 praediis,
583 1665 625 1718 vt
652 1644 874 1720 carthuitius
904 1645 1093 1744 perhibet,
1134 1669 1312 1746 peperce-

228 1757 327 1840 rint3
355 1747 552 1826 nonnullos
578 1753 687 1826 etiam
703 1748 842 1848 seruos,
869 1773 913 1824 ex
930 1751 1080 1824 aduenis
1104 1751 1312 1848 conflatos,

225 1859 485 1932 interemerint
536 1859 607 1932 Sed
640 1852 837 1928 tumultum
868 1857 964 1930 hunc
1002 1859 1147 1956 potius,
1193 1877 1311 1955 quarn

230 1959 366 2044 bellum
392 1959 490 2049 fuisse
504 1987 517 2046 ς
546 1986 614 2036 nec
639 1957 755 2034 multo
786 1957 864 2060 post
887 1957 1103 2060 repressum,
1133 1963 1217 2034 inde
1245 1986 1311 2060 pa·

227 2087 302 2166 tet,
329 2070 430 2167 quod
453 2065 584 2140 laudati
603 2067 777 2140 Germani
802 2065 974 2166 deinceps
1003 2069 1124 2169 etiam
1139 2069 1178 2139 in
1200 2072 1308 2142 Hun-

226 2177 326 2275 garia
353 2172 578 2273 perstiterint.
605 2173 664 2268 (a)
734 2211 738 2221 ·

517 2303 1070 2442 aenommmst

321 2489 415 2566 LIV.
441 2484 596 2566 Defuiffe
634 2491 777 2567 videtur
810 2487 978 2564 seditiofis
1013 2491 1087 2564 dux
1122 2490 1308 2593 idoneus,

253 2601 360 2672 uine
394 2619 503 2695 porro
535 2595 811 2681 desideraretur-5
857 2596 980 2694 Cupa,
1022 2589 1126 2670 Calui
1161 2599 1304 2672 Zirindi
1350 2653 1352 2692 J

225 2629 344 2798 lilius,
370 2699 619 2801 Simegbienss
646 2701 854 2800 prouinciae
880 2698 1100 2800 praesestus,
1129 2705 1242 2800 caput
1265 2707 1302 2780 se

222 2805 412 2884 rebellibus
442 2805 583 2882 obtulit.
636 2810 705 2880 Hic
732 2807 890 2905 primum
918 2829 980 2904 per
1006 2805 1195 2882 cuniculos
1220 2834 1301 2884 rem
1346 2867 1347 2915 p

160 2919 165 2930 “
223 2911 424 3018 aggressus,
451 2933 492 2989 vt
514 2914 738 3011 Stephanum
758 2913 958 3012 principatu
975 2917 1107 2988 certius
1131 2915 1305 2990 deturba·
1343 2925 1346 3017 s

219 3018 300 3118 ret{
336 3017 457 3094 Geisae
488 3021 634 3094 viduam
660 3020 707 3090 ¹in
742 3018 956 3118 coniugium
982 3017 1210 3117 deposcebat.
1238 3019 1301 3119 (b)
1341 3017 1344 3068 l

216 3131 344 3200 fluum
373 3127 435 3198 has
459 3120 518 3200 ille
539 3120 697 3198 Saroltae
723 3125 866 3222 nuptias
889 3123 1067 3209 ambiunt
1109 3121 1303 3200 consdium

220 3229 345 3325 suum,
373 3233 596 3330 Stephanum
620 3231 795 3329 perdendi
821 3225 1023 3328 Christique
1050 3227 1160 3304 fidem
1191 3254 1299 3306 euer-

218 3337 323 3407 tendi
340 3333 491 3408 studiose
512 3337 604 3407 texit
612 3359 625 3420 3
654 3358 773 3436 neque
796 3355 918 3408 tamen
937 3336 988 3406 ita
1014 3355 1136 3436 tegere
1155 3340 1300 3436 potuit,
1335 3427 1336 3432 Ἰ

217 3457 260 3511 vt
284 3465 304 3513 a
328 3438 566 3541 sagacioribus
585 3463 661 3514 non
682 3435 960 3537 intelligeretur,
988 3463 1029 3512 ac
1046 3441 1186 3515 idcirco
1204 3465 1301 3516 con·

218 3545 370 3639 nubium
397 3547 611 3644 aStephani
631 3565 742 3618 matre
762 3547 979 3618 reiiceretur.
1033 3552 1139 3619 Hanc
1168 3547 1303 3624 Geisae

218 3643 365 3724 uiduam
395 3649 583 3749 Stiltingus
611 3654 645 3728 S.
664 3650 839 3746 Stephani
866 3671 943 3720 non
975 3671 1149 3748 matrem,
1189 3659 1301 3754 quod

218 3759 402 3856 Hungari‚
443 3754 502 3830 sed
538 3777 757 3852 nouercam,
800 3755 900 3854 quod
938 3753 1071 3830 Poloni
1105 3757 1304 3859 scriptores

258 4089 303 4172 (a)
325 4088 399 4151 Hie.
411 4085 483 4152 crit
501 4089 575 4149 Due.
592 4108 620 4170 p.
638 4081 809 4172 spo-703·
856 4085 902 4178 (d)
925 4089 1045 4152 Tutela.
1060 4091 1092 4153 Ρ.
1106 4087 1148 4154 ll.
1163 4107 1230 4174 cap,
1247 4117 1307 4180 ²8·
