2744 4298
234 219 315 321 486
556 215 766 298 BELA
818 217 896 312 lv.

111 457 115 470 .
179 395 358 495 Rogetius
382 393 421 466 id
457 385 615 472 breuiter
648 396 872 498 perstringit3
913 391 1077 466 Thomas
1117 407 1278 486 autem,
1349 457 1350 484 1

183 505 250 604 qui
265 519 354 574 tunc
372 499 507 600 Spalaei
525 505 639 600 vixit,
665 521 703 578 et
725 505 875 606 propius
893 499 1017 574 omnia
1043 495 1159 592 vidit,
1189 499 1278 570 vbe-

180 607 331 680 rius‘ita
355 627 492 682 narrat:
521 617 583 708 (a)
608 651 661 671 -
687 608 787 704 Rex,
807 603 1045 710 praesentiens
1067 625 1185 676 etrum
1212 601 1275 678 ad·

181 731 350 808 uentum,
379 713 508 794 renuis
527 709 744 816 stationibus
773 707 1065 822 Zagrnbienfiurn
1086 713 1275 811 partium,

186 843 265 894 cum
294 821 390 894 omni
411 826 582 897 counitam
592 819 660 922 fito
687 819 737 896 ad
768 845 863 896 mure
894 812 1079 916 defiendit.
1106 811 1158 871 -’-
1190 814 1275 916 Ap-

174 931 436 1031 propinquante
463 948 579 1003 nutem
611 925 662 1002 D.
695 951 799 1032 rege,
825 923 876 1002 ud
895 915 1083 1005 introitum
1107 923 1276 996 ciuitatis

188 1027 467 1130 (spalatensis)
496 1029 674 1133 uniuersus
702 1033 811 1108 clerus
845 1052 878 1110 er
905 1026 1075 1134 populus,
1096 1023 1277 1126 proceffi'n-

183 1136 526 1238 minueremus,
573 1137 687 1216 debito
720 1141 955 1223 venerationis
982 1127 1138 1236 obsequio
1155 1127 1278 1232 sttsce-

160 1235 313 1350 'perant
338 1267 424 1318 eum.
451 1285 504 1311 ·-
533 1241 714 1324 Venerunt
743 1250 851 1320 etium
881 1235 942 1344 isti
967 1256 1155 1416 mifrans
1195 1261 1278 1311 curn

160 1343 164 1350 ’
189 1375 251 1426 en.-
281 1395 303 1433 „
322 1349 548 1450 Stephanus,
575 1373 632 1451 ep.
656 1349 920 1456 Zagrabienfis3
947 1363 986 1420 et
1008 1363 1098 1418 ater
1123 1343 1278 1442 Stepha-

187 1457 214 1544 ,ζ
242 1447 331 1552 nea,
358 1455 506 1530 vacien.
533 1477 572 1531 et
598 1459 696 1531 idem
719 1459 758 1532 in
781 1447 938 1556 Scrigo'n.
959 1446 1278 1548 archiepiscopum

185 1619 213 1658 ,‚
241 1554 461 1663 pblhtlatus3
496 1559 734 1660 Benedictus,
761 1557 984 1664 praepofitus
1013 1553 1146 1629 Alben.
1171 1547 1279 1628 aulae

187 1713 215 1756 2,
241 1655 362 1766 refigite
404 1666 660 1766 cancellarius,
700 1689 738 1742 et
770 1668 868 1742 idem
905 1665 950 1740 ad
988 1659 1117 1738 Coloe.
1152 1657 1277 1734 sedem

187 1820 214 1861 ‚,
231 1769 396 1858 *electum
434 1772 757 1872 Bartholomaeus,
784 1765 1184 1872 euinqueecclesmum
1215 1787 1274 1865 ep.

82 1873 88 1880 ’
132 1897 136 1920 “
187 1934 216 1976 ,‚
243 1901 284 1956 et
305 1881 453 1982 quidam
478 1879 535 1956 alii
559 1879 741 1981 episcopi;
766 1899 1012 1979 -proceres
1039 1894 1194 1975 quoque
1210 1893 1272 1944 cu-

176 1979 215 2083 '„
242 1987 316 2062 riae
342 1985 396 2060 isti
423 2007 541 2062 erant:
578 1985 789 2088 Bionysrus‚
817 1987 950 2092 barrum
970 1974 1204 2074 'umisuus,
1230 1977 1275 2051 C.

190 2093 216 2188 f,
244 2089 385 2167 curialis
396 2115 408 2178 ς
435 2095 661 2190 Matthaeus,
690 2089 853 2194 magister
877 2090 1150 2166 tauernicorum
1161 2109 1174 2170 i
1191 2089 1271 2144 -“

189 2191 318 2276 Noluit
339 2215 456 2274 aurem
490 2225 557 2276 rex
584 2224 621 2275 re
635 2197 725 2276 edere
754 2196 892 2302 Spalaei
902 2221 914 2282 ;
941 2189 1011 2294 sed
1035 2189 1156 2268 aliens
1192 2214 1274 2266 eum

188 2326 299 2378 uxore
308 2297 381 2398 stra
400 2321 435 2378 et
462 2296 539 2390 curn
566 2300 725 2404 omnibus
749 2308 855 2410 gazis
868 2297 974 2402 fitis,
1001 2291 1275 2398 demoratusest

198 2406 394 2513 Tragurir',
427 2425 577 2510 putans,
601 2405 731 2509 stibi
765 2429 887 2485 contra
919 2401 1064 2508 hostium
1096 2397 1280 2502 incursum

170 2513 176 2526 '
176 2511 368 2616 fortiorem
402 2505 525 2590 labere
558 2509 705 2594 tutelam
732 2529 878 2616 propter
902 2518 1126 2590 uicinitatem
1147 2504 1279 2610 insula·

189 2645 280 2696 reem.
309 2653 360 2679 ⁶-
388 2617 581 2722 Caydanus
614 2623 728 2724 igitur
757 2617 881 2696 frustra
903 2615 1111 2719 Spalatum,
1139 2615 1279 2688 deinde

192 2723 358 2824 Clislam,
384 2725 448 2797 vbi
467 2749 591 2826 regem
618 2725 687 2802 elle
715 2727 888 2828 putabat,
916 2749 960 2800 ac
991 2727 1127 2824 iterum
1154 2725 1178 2792 S
1206 2717 1277 2794 ala-

187 2849 268 2908 tum
290 2833 456 2906 tentauit.
509 2828 654 2908 Reliliis
681 2833 830 2908 tandem
857 2835 896 2906 in
923 2831 1092 2924 croatia,
1125 2831 1164 2901 D
1242 2849 1278 2902 a·

187 2939 261 3034 tia,
287 2939 441 3030 Bosnia,
469 2940 612 3034 Seruia,
641 2937 766 3014 saeuae
786 2931 1009 3014 crudelitatis
1030 2931 1217 3035 vestigiis,
1235 2934 1276 3006 in

187 3041 357 3144 Balgatia
379 3065 465 3118 cum
488 3045 608 3118 Batho
626 3045 812 3119 conuenit.
866 3041 924 3120 llll
943 3067 1052 3150 ergo,
1080 3039 1206 3116 scribit
1225 3061 1280 3110 ar-

175 3147 445 3246 enimenim,
473 3143 535 3241 (b)
577 3145 706 3226 ibidem
743 3147 948 3248 coadunati,
984 3181 1035 3207 *-
1061 3144 1278 3250 fimuhnres

184 3260 329 3360 gratias
359 3249 522 3329 exhibere
552 3259 724 3354 captiuis,
752 3257 922 3356 fecerunt
939 3272 1007 3358 per
1031 3271 1146 3328 toturn
1174 3275 1279 3326 exer-

186 3364 297 3436 citum
315 3363 498 3461 praeconis
518 3383 599 3434 once
622 3355 791 3438 ilumeri:
819 3381 915 3457 „vt,
942 3361 1169 3462 quicumque
1187 3353 1282 3432 essee

189 3521 214 3558 ,‚
240 3467 278 3540 in
303 3465 482 3538 comitatu
513 3489 642 3541 eorum
668 3465 887 3567 spontaneus
912 3463 969 3543 vel
991 3467 1183 3564 captiuus,
1209 3465 1281 3563 qui

185 3611 212 3649 ω
239 3569 348 3644 vellet
369 3572 484 3643 redire
509 3574 546 3643 in
569 3575 724 3670 patriam
731 3597 744 3660 3
771 3569 919 3648 liberam
949 3571 982 3647 se
1008 3568 1111 3645 sciret
1140 3571 1282 3644 habere

171 3699 224 3761 ·,‚=
243 3670 425 3748 licentiam
445 3695 490 3748 ex
511 3673 706 3764 clementia
732 3679 908 3751 ducum.“
970 3676 1068 3752 lianc
1084 3673 1281 3754 multitudo

184 3799 319 3876 magna
351 3775 603 3883 Vagarorum‚
629 3779 831 3858 Silanorum
852 3781 1067 3862 erularum
1091 3789 1260 3890 gentium
1271 3841 1284 3882 ,

1107 3915 1224 3965 nnnra

225 4073 275 4154 (a)
298 4073 484 4146 Himalon.
497 4083 564 4165 eapss
584 4099 636 4168 39.
672 4087 729 4172 (l)
752 4089 828 4153 ibid.
847 4111 911 4178 cap.
939 4111 994 4176 4ο.
