2748 4300
500 207 772 286 REXIK
922 155 925 166 .
1064 225 1139 304 my

101 382 290 490 pulariurn
322 379 392 451 iras
425 379 463 450 in
490 375 523 452 se
542 387 833 478 .prouocarent;
875 373 1191 478 Albamregslem,

84 515 209 593 :quae
238 488 310 558 iam
336 503 426 557 tunc
454 477 560 558 locus
589 485 806 558 coronandis
832 483 975 581 regibus
999 483 1192 561 destinatus

109 592 215 672 fuille
232 591 401 684 videtur,
427 591 495 662 iter
515 590 783 688 arripuerunt·
808 591 904 659 Hinc
931 607 1050 670 tamen
1068 589 1191 690 paullo

108 699 195 804 post
213 695 400 773 Pessinum
422 693 561 792 versus,
588 697 651 770 vbi
677 689 856 768 lubilitille
886 695 1065 792 principes
1096 697 1194 771 audi·

110 823 268 898 uetant,
295 797 360 874 sese
386 798 633 874 contulerunt.
688 802 829 874 Primus
848 821 976 871 eorum
997 797 1033 874 S.
1064 799 1194 884 Gerar·

110 911 179 992 lus
199 923 302 1002 erat,
327 906 572 982 Tsanadienfis
597 903 795 1006 episcopus.
830 903 979 976 Socium
999 906 1097 1002 eius,
1115 906 1198 990 Bul:

110 1017 223 1110 lum,
250 1013 471 1085 recentiores
482 1009 560 1110 post
574 1009 820 1086 Inchofferum
838 1007 1050 1112 Agriensem
1068 1013 1199 1086 antisti·

115 1144 197 1198 tem
218 1117 376 1200 faciunt3
416 1113 473 1188 sed
507 1113 650 1195 nullum
681 1135 786 1194 vetus
824 1113 1068 1194 testimonium
1082 1171 1096 1215 ,
1122 1143 1199 1218 quo

114 1228 215 1302 suam
248 1223 462 1321 opinionem
492 1217 674 1318 fulciant,
706 1223 927 1322 producunt.
1000 1224 1131 1321 Certe,
1178 1225 1202 1298 fi

122 1323 467 1434 praesulssAgriensrs
489 1327 601 1414 ‘erat5
629 1349 705 1402 non
733 1329 864 1422 video,
898 1350 964 1400 cur
995 1321 1126 1404 Albam
1155 1331 1200 1404 ad
1300 1396 1302 1406 .

121 1437 318 1516 Andream
340 1431 564 1506 salutandum
591 1434 718 1530 luerit,
756 1455 866 1534 quem
904 1429 1040 1508 facilius
1072 1432 1131 1510 vel
1162 1440 1200 1508 in

121 1547 206 1642 via,
232 1536 293 1614 vel
319 1535 451 1612 Pellini
484 1541 684 1611 conuenire
713 1541 846 1638 potuit.
899 1543 1037 1634 Guare,
1064 1537 1201 1634 firatio

123 1651 233 1724 huius
263 1644 402 1717 itineris
441 1643 637 1728 habeatur3
665 1639 781 1718 multo
803 1643 1022 1718 verifimllius
1051 1641 1110 1719 vel
1138 1651 1205 1721 Ba·

124 1745 277 1846 tfienfis,
306 1744 364 1822 vel
380 1745 585 1822 Colocensrs
601 1749 749 1822 antistes
767 1767 854 1824 erat.
889 1745 1077 1825 Brztrrtur
1094 1753 1203 1827 etiarn
1251 1813 1255 1821 .

125 1859 324 1960 episeopus
340 1853 545 1928 alterutrius
564 1855 671 1928 huius
691 1851 778 1927 sedis
802 1853 822 1924 fi
848 1855 1021 1930 habeatur
1028 1879 1041 1939 5
1083 1880 1103 1930 e
1140 1855 1205 1929 ssttt

125 1963 295 2040 locorum
325 1961 523 2032 commoda
546 1961 650 2032 reddi
678 1961 770 2032 nno
798 1957 936 2058 potest,
976 1981 1040 2032 cur
1072 1963 1210 2045 itineris

133 2069 288 2146 comites
313 2072 346 2140 S.
366 2065 527 2138 Gerardo
551 2063 584 2138 se
607 2065 800 2138 iunxerint.
854 2069 1062 2141 Beztertum
1084 2089 1211 2142 tamen

135 2171 268 2274 aliqui,
295 2169 499 2244 tacentibus
525 2173 773 2243 monumentis
804 2171 1007 2268 veteribus,
1049 2173 1212 2248 Nitrien-
1303 2219 1310 2241 t

132 2279 205 2354 sem
223 2277 433 2377 episcopum
459 2273 559 2350 l'urlle
586 2278 837 2370 contendunt,
864 2279 965 2350 cuius
989 2296 1108 2355 tamen
1134 2281 1209 2379 epi-

132 2385 302 2484 scopatus
328 2381 431 2454 initia
466 2377 572 2454 serius
600 2377 666 2456 elle
698 2379 886 2480 defigenda
922 2384 1053 2459 deinde
1081 2385 1217 2460 videbi·

135 2512 233 2570 mus.
282 2487 415 2561 Tribus
439 2487 494 2558 his
523 2484 718 2586 episcopis,
747 2491 789 2559 ab
814 2489 924 2588 impia
941 2491 1050 2562 turba
1078 2485 1214 2566 crudeli

136 2619 230 2673 nece
258 2588 423 2685 sublatis,
451 2592 627 2666 Peterllus
648 2595 884 2666 Dominicunr
906 2595 1216 2695 archiepiscopum

138 2699 271 2796 addit,
299 2719 410 2798 quern
438 2698 575 2795 patrios
604 2695 792 2794 scriptores
829 2697 965 2772 lilerrtio
998 2699 1219 2797 praetermis·

137 2806 237 2880 suros
261 2799 383 2899 fuisse,
410 2803 472 2874 vix
499 2799 549 2876 est
576 2798 745 2876 credibile
752 2827 765 2888 3
802 2827 914 2902 qutun
947 2805 1098 2878 allorum
1133 2803 1221 2884 inle-

137 2911 244 2992 rioris
276 2909 414 2982 ordinis
443 2909 605 2980 virorum
637 2909 784 2981 nomina
828 2911 1063 3007 prodiderint.
1132 2915 1222 2982 Tres

141 3013 193 3090 illi
217 3033 364 3090 tantum
387 3009 573 3112 episcopos
590 3015 671 3088 neci
693 3015 795 3088 datos
815 3015 1024 3110 perhibent3
1052 3039 1223 3112 quartum

143 3121 245 3196 eninr
264 3121 431 3194 Andreas
459 3119 626 3192 manibus
652 3115 885 3191 saeuientium
912 3121 1054 3216 eripuit.
1106 3119 1224 3197 Endrr
1278 3136 1283 3145 “

146 3247 264 3302 rerem
283 3221 388 3319 dux,
412 3224 534 3322 inquit
557 3223 773 3314 Taronitis,
801 3224 858 3315 (a)
902 3227 1042 3302 interim
1091 3245 1226 3328 aperue-

145 3339 269 3429 rrr'errs,
297 3326 469 3404 Beretum
486 3324 674 3430 episcopum
691 3353 713 3402 a
730 3323 889 3402 maribus
915 3353 1026 3407 eorum
1049 3323 1225 3408 liberauit.

142 3441 287 3512 Bencta
313 3435 395 3530 hic,
436 3433 505 3508 fiue
532 3429 776 3528 Benedictus,
811 3433 956 3507 videtur
982 3436 1105 3537 postea
1142 3441 1229 3511 Stri-

147 3539 332 3646 goniensrs
365 3557 528 3636 creatus,
556 3541 619 3638 qui
658 3529 784 3612 litteris
817 3539 986 3616 Andreae
1016 3541 1228 3647 subscriptus

144 3671 247 3720 anno
278 3665 390 3742 1055.
413 3641 556 3746 legitur.
609 3645 747 3716 Primus
774 3645 832 3717 hic
857 3643 1054 3720 furentium
1084 3652 1230 3748 Hungu-

143 3775 276 3828 rorum
303 3754 464 3852 impetus
491 3767 628 3834 tantam
653 3748 933 3826 Christianorum
957 3749 1230 3854 multitudinem

1095 3860 1182 3930 hau·

541 3980 1230 4004 mmm

198 4059 245 4140 (ι)
271 4055 385 4120 Claror-
403 4063 437 4122 P·
454 4057 575 4140 11.cap.
590 4081 639 4132 4⁰·
