2748 4300
19 4093 54 4234 Κ

192 131 387 247 .'114''
500 111 828 226 sAMvEL
879 155 1036 229 ΔΒΑ
1135 109 1137 116 Ι

193 315 344 419 spexit,
368 339 410 396 vt
438 344 535 414 eum,
563 312 670 421 quasi
674 315 789 417 fietile
811 315 1056 416 accidendum,
1073 315 1139 420 siu
1154 324 1297 424 capien-
1353 337 1354 366 ¹

205 425 284 504 drrrn
294 487 305 522 ,
328 429 551 526 prouinciam
582 421 724 528 ingredi
743 420 886 523 ſsereret.
930 423 1010 504 ‚Sed
1022 417 1200 502 Hearicus
1213 453 1307 504 cam-

114 519 118 531 ’
198 547 304 630 parte
327 537 502 630 copiarum
525 525 663 604 Rabem
675 527 994 633 fluuiumflsline‚
1021 534 1061 606 in
1078 530 1196 608 diuino
1215 557 1296 608 can-

181 637 184 644 “
194 631 287 735 Jistrs
312 633 472 730 auxilio,
501 631 770 710 aarrsaadaun:
791 629 974 742 pugnarn,
1003 639 1134 723 curilis
1168 638 1296 714 militi-

204 741 269 817 bur
288 739 409 841 prffim
423 736 697 842 festinantibus,
726 743 832 814 iniit:
860 761 895 818 et
914 746 952 817 in
977 745 1097 843 priene
1131 739 1293 848 congreſs
1353 835 1354 842 ἵ

193 843 291 950 firme
315 841 600 920 innumerabilem
640 839 696 920 Vn
725 849 879 938 uriarum
913 847 1105 923 exereitum
1129 851 1295 952 fitgauir

205 973 239 1026 et
266 945 480 1050 prostrauit:
510 952 544 1023 e't
565 870 773 1051 pauciffiiais
789 944 936 1047 fiturum
962 951 1107 1052 rnriffir,
1144 952 1293 1055 ipsemet

191 1055 379 1155 sortrffirne
404 1055 589 1159 pugnans,
631 1051 901 1161 glarirfifflmam
932 1057 1114 1134 uiuorum
1141 1058 1292 1162 adeptus

205 1159 251 1263 est
262 1217 274 1258 ‚
301 1157 368 1234 III.
398 1183 506 1236 nenas
528 1156 625 1260 Iulii.
655 1161 716 1258 (a)
941 1183 944 1190 ·

305 1374 363 1449 CI.
387 1377 592 1470 Tenemus
612 1358 723 1476 igitur
764 1397 809 1472 er
841 1379 1051 1456 Hermanno
1086 1375 1293 1454 Contrafto

203 1499 344 1555 eertum
375 1503 534 1577 annum,
562 1477 741 1578 mensem,
769 1481 889 1578 diem,
916 1505 992 1582 quo
1022 1505 1085 1556 rex
1112 1481 1193 1556 Aba
1226 1485 1291 1560 de·

203 1590 362 1660 cretorio
400 1581 537 1684 praelio
577 1581 715 1684 vibus,
759 1590 866 1661 etin
899 1583 985 1688 suga
1012 1585 1132 1661 caesus
1157 1610 1292 1687 regno·
1353 1583 1354 1608 ³

154 1753 157 1764 .
202 1717 275 1792 que
302 1686 470 1790 spoliatus
502 1687 561 1768 est,
596 1693 822 1789 ·Videmus,
857 1688 1002 1766 fatalem
1037 1689 1087 1766 illi
1121 1693 1217 1764 diem
1249 1719 1285 1790 5.

201 1794 284 1872 Iulii
310 1795 438 1870 mensis
463 1799 548 1870 anni
580 1813 694 1894 1044.
722 1793 831 1874 fuisse.
883 1797 1069 1873 Nouimus
1088 1819 1132 1872 ex
1149 1797 1284 1872 eodem

200 1901 405 2003 synchrono
432 1901 628 2002 scriptore,
653 1924 779 2004 regem
797 1905 896 1980 hunc
919 1927 1033 2002 regno
1060 1905 1220 2002 potitum
1237 1903 1287 1977 es-

201 2008 235 2082 se
268 2028 379 2103 1041.
430 2009 625 2093 'Nouimus
655 2030 700 2082 ex
733 2007 937 2110 biographo
961 2009 1190 2102 Gerardino,
1217 2005 1286 2082 'sa-

195 2137 303 2186 cram
338 2109 388 2184 illi
424 2101 607 2185 coronam'
635 2110 694 2186 die
739 2104 935 2214 paschatis,
973 2111 1032 2206 seu
1058 2135 1121 2190 aa.
1157 2116 1285 2189 Martii

201 2216 352 2313 ments,
395 2214 602 2316 impostam
637 2214 749 2293 scrisse:
817 2221 855 2292 Si
884 2221 969 2294 hinc
995 2221 1108 2319 igitur
1137 2241 1281 2318 annos,

201 2323 331 2434 quibus
353 2325 431 2400 Aba
457 2321 663 2422 Hungariae
690 2321 868 2423 praefuit,
895 2347 1129 2400 numeremus
1137 2348 1150 2410 3
1178 2343 1284 2410 certo

201 2424 342 2502 calculo
385 2428 626 2528 principatum
667 2430 772 2505 Abae
803 2431 915 2505 tribus
954 2431 1057 2502 annis
1086 2427 1284 2530 completis

203 2536 393 2633 tribusque
417 2531 595 2608 mensibus
621 2553 658 2608 et
682 2535 808 2610 diebus
835 2533 1142 2634 15.deiiniemus.
1187 2539 1281 2609 fluia
1326 2539 1354 2588 Ἀ

156 2681 160 2690 ·
201 2645 459 2740 Hungarorum
487 2661 613 2716 avera
645 2637 717 2730 fide
751 2637 904 2716 defebiio
938 2643 1097 2742 primum
1131 2641 1284 2720 Andrea

198 2765 374 2846 regnante
396 2735 578 2844 contigit5
604 2746 725 2834 Abam
756 2745 970 2822 Christianae
995 2743 1182 2845 religionis
1208 2743 1285 2818 fau-

202 2871 320 2925 torem
350 2875 391 2926 ac
414 2847 634 2926 defensorem
659 2845 758 2926 fluisse
790 2847 1016 2954 colligimus,
1060 2853 1128 2950 qui
1154 2851 1282 2950 pronis

173 3030 178 3046 x
203 2957 247 3030 ad
269 2957 380 3030 auitas
403 2955 665 3057 superstitiones
684 2953 911 3032 resumendas
931 2959 1110 3056 Hungaris
1126 2953 1191 3028 sese
1209 2953 1284 3028 for-

197 3063 283 3136 titer
306 3061 524 3162 opposuerit.
579 3056 677 3134 illius
703 3063 877 3160 pietatem
900 3059 1117 3139 catharrum
1136 3063 1175 3134 in
1194 3065 1283 3135 Saar
1353 3059 1354 3064 ’

105 3243 115 3253 Α,
198 3169 422 3242 coenobium
435 3163 599 3266 loquitur
609 3192 623 3252 3
652 3189 883 3266 corpusque,
902 3165 1028 3246 sanatis
1052 3165 1284 3262 vulneribus,

198 3265 422 3360 srTurotzio
447 3274 655 3367 credimus,
682 3267 742 3363 (b)
773 3268 852 3374 post
874 3267 1015 3372 aliquot
1042 3294 1160 3346 annos
1199 3293 1282 3346 cor·
1353 3307 1354 3350 1

193 3377 376 3475 ruptionis
407 3399 533 3476 expers
563 3375 747 3474 repertum
773 3375 917 3454 abunde
944 3375 1099 3451 testatur.
1153 3378 1287 3450 Fuerit
1353 3399 1354 3416 ¹

193 3481 305 3580 igitur
331 3483 468 3581 primus
492 3479 550 3554 ille
575 3481 686 3553 huius
712 3483 807 3582 regis
831 3484 1014 3582 impetus,
1042 3505 1118 3581 quo
1140 3476 1288 3554 sinistris

193 3589 448 3688 quorumdam
468 3583 753 3662 accusationibus
779 3587 818 3659 in
837 3585 1074 3666 transuersum
1097 3583 1219 3682 assus,
1237 3609 1287 3660 vt

198 3839 1153 3870 mmmm—nunno·—
1161 3849 1292 3870 Ἀ.

185 3961 189 3970 ,
229 3895 460 4082 (ajpbfflffl
475 3915 514 3978 T.
530 3915 557 3979 1.
573 3939 602 3999 p·
627 3919 806 4002 655-661.
847 3905 900 4005 lb)
921 3919 1038 3987 ebron.
1073 3921 1108 3984 P·
1132 3919 1178 3984 11.
1214 3945 1277 4010 sup
