2748 4300
403 210 404 218 Ν
501 69 870 206 texult·
1057 127 1134 216 ιε,

118 297 236 405 phrasi
264 295 527 374 circumscribat
539 325 556 388 3
605 301 631 378 ίῑ
666 325 731 404 per
760 296 942 378 eeclesiam
975 294 1183 388 Isaciensem

18 481 19 496 Ν
116 403 347 508 episcopatus
379 404 532 507 intelligi
564 409 702 504 debet,
749 424 793 482 ut
822 401 1005 480 aduersarii
1032 397 1185 488 volunt3
1275 410 1277 419 '

18 509 19 546 ¹
116 516 229 587 etiam
257 533 323 610 per
354 507 537 614 ecclestam
575 509 774 591 Budensem
812 509 1032 611 episcopatus
1071 507 1184 606 accipi

117 618 290 714 deberet,
332 617 435 718 quod
467 614 514 692 Illi
543 638 666 694 tamen
692 618 882 700 admittere
913 637 981 706 nec
1014 609 1185 713 possunt,

120 745 194 796 nec
218 717 361 798 volunt
410 723 507 797 Mihi
531 721 612 799 sane
642 720 775 798 reum
799 743 843 798 ex
873 723 916 796 'tis
930 717 1093 794 'l’urotzil
1108 740 1186 792 vet-

121 829 177 899 bis‘
202 825 248 900 stc
272 829 375 929 argui
393 825 492 926 posse
509 831 663 904 videtur.
716 831 837 902 Ouum
859 825 1053 900 Turotziut
1073 820 1185 897 eccle·

16 994 18 1028 ἶ
119 931 186 1006 liae
209 929 381 1014 Budensts
405 937 594 1022 meminita
616 931 860 1034 episcopatum
882 925 1081 1007 Budensem
1107 949 1183 1000 non
1250 931 1253 939 '

118 1035 315 1138 intelligit3
350 1061 421 1114 nec
447 1041 577 1140 igitur,
610 1061 726 1142 quum
756 1039 886 1114 eodem
914 1049 1092 1110 contextu
1116 1034 1184 1104 Va-

116 1142 244 1218 crenus
267 1139 433 1220 ecclefiae
450 1147 675 1220 mentionem
695 1143 839 1241 inlicit,
862 1139 1106 1242 episcopatum
1117 1137 1188 1218 Va·⁴
1347 1177 1350 1186 .

116 1245 275 1322 ciensm
299 1245 499 1351 intelligere
524 1251 698 1324 dicendus
715 1245 775 1324 cst.
824 1253 874 1324 Et
887 1269 974 1322 vero
986 1241 1181 1318 Turotzius

121 1375 188 1450 per
205 1354 300 1428 hanc
317 1374 449 1430 vocem
470 1353 604 1458 ecclefia
623 1377 701 1430 non
723 1349 987 1454 episcopatum,
1013 1349 1072 1424 sed
1092 1365 1181 1420 tem·

15 1471 16 1530 ἴ
116 1455 220 1556 plum
248 1456 323 1532 aliis
351 1483 502 1565 quoque
530 1460 620 1536 locis
650 1454 831 1560 intelligit.
897 1459 1042 1551 cene,
1064 1473 1181 1556 quum

116 1563 268 1638 Petrum
297 1587 422 1665 regem
447 1563 630 1642 ecclesiam
668 1559 1075 1666 uumqueecclefiensem
1091 1559 1183 1657 fian·

114 1663 208 1770 drffl
233 1669 418 1767 perhibett
460 1695 571 1748 nemo
600 1671 751 1768 dixerit,
792 1693 878 1761 eum
904 1673 1010 1744 Petro
1040 1661 1181 1739 conditi

117 1772 501 1874 euinqueecclestenfis
542 1774 768 1877 episcopatus
804 1773 955 1876 gloriam
999 1769 1180 1862 tribuere,

114 1901 228 1976 quem
248 1901 294 1955 ex
308 1875 505 1982 diplomate
525 1879 664 1965 constat
686 1905 709 1956 a
726 1885 762 1958 S.
784 1883 967 1983 Stephano
990 1871 1180 1953 conditum

116 1979 196 2056 effe.
249 1987 351 2062 Sicut
372 1987 483 2088 igitur
505 1985 577 2064 illic
601 1993 772 2084 aeetro,
797 1987 848 2059 itt
870 1987 933 2060 hic
957 2009 976 2058 a
1002 1977 1104 2056 Geisa
1122 2001 1184 2053 ca·

115 2087 320 2164 thedtalem
340 2089 531 2169 dumtaxat
547 2091 752 2188 ecclefiam,
778 2113 886 2190 quam
908 2093 942 2164 S.
960 2087 1178 2188 Stephanum
1256 2085 1264 2096 ’

115 2189 280 2293 pluribus
295 2195 464 2272 aedificiis
477 2200 656 2300 ponendis
673 2215 895 2297 occupatus,
919 2191 1088 2295 perficere
1102 2211 1182 2264 non

115 2303 240 2396 potuit
248 2359 260 2399 ,
286 2293 384 2382 luisse
408 2307 594 2380 conditam
609 2303 754 2378 Iudicat.
805 2298 860 2379 Δι’
876 2304 973 2377 enim
986 2297 1184 2373 Ttuotz'rus

115 2405 306 2508 perbibet,
332 2431 401 2482 nec
423 2405 535 2508 ipsum
555 2411 706 2484 vatium
732 2425 817 2484 ante
844 2405 981 2484 Geisam
1009 2397 1179 2480 exstitille.

118 2511 241 2584 fluum
264 2513 461 2588 Turotzius
477 2515 537 2588 hic
553 2515 622 2588 ‘stbi
646 2534 725 2586 non
737 2510 970 2596 satiaconstet
981 2569 992 2609 ,
1021 2511 1086 2611 qui
1104 2509 1183 2579 ian·

117 2615 216 2708 prius
241 2613 432 2717 aliquoties
441 2621 592 2694 Vacium
608 2617 803 2718 appellauit
812 2646 825 2707 ς
834 2677 840 2684 .
849 2637 891 2693 vt
906 2635 1027 2695 tamen
1042 2609 1178 2710 aliquid

117 2712 170 2790 illi
194 2722 416 2820 tribuamus,
441 2724 639 2800 dicendum
658 2723 824 2821 videtur,
851 2725 1058 2814 ciuitatem,
1076 2725 1179 2816 'quae

118 2823 190 2896 iam
214 2846 321 2904 antea
349 2825 445 2903 sedes
472 2828 625 2930 episcopi
650 2825 741 2926 suit,
770 2829 908 2915 Geisam
934 2821 1085 2917 auxisse,
1109 2817 1181 2894 stuc

115 2928 188 3000 ianr
211 2927 270 3006 illa
297 2935 396 3032 ptius
417 2935 525 3009 etiam
549 2935 659 3009 Vatia
682 2930 775 3010 diua
797 2933 925 3020 fuerim
950 2930 1020 3004 stue
1042 2945 1178 2999 nouam

115 3031 160 3104 ib
173 3041 299 3112 ‹eremi
324 3037 465 3116 cultore
483 3034 575 3118 V'atz
598 3037 875 3140 appellationem
907 3035 1094 3136 acceperit.
1119 3031 1178 3124 (a)

111 3326 116 3338 .
206 3247 366 3332 CXLIII.
391 3259 463 3334 Piis
494 3260 663 3361 operibus
693 3261 878 3364 intentum
909 3255 1047 3334 Geilam
1076 3281 1178 3333 nouo

112 3357 210 3438 bello
235 3358 409 3436 Salomon
434 3365 616 3464 inuoluit,
651 3369 741 3466 qui,
774 3361 961 3466 postquam
994 3369 1118 3440 matris
1141 3381 1180 3439 et

111 3469 236 3542 uxoris
260 3465 339 3547 suae
370 3466 546 3545 securitati
574 3467 819 3558 consuluissem
864 3467 1035 3547 auxilium
1062 3467 1177 3546 affinis
1270 3463 1272 3468 '

110 3568 161 3647 sui
199 3574 373 3670 Henrici,
414 3585 582 3678 magnam
607 3581 710 3678 regni
736 3597 874 3678 partem
901 3571 950 3651 illi
987 3573 1177 3676 depadus,

105 3674 322 3754 sollicitauit.
352 3677 404 3760 Vt
423 3687 494 3762 etus
512 3677 667 3782 miseriae
680 3679 904 3787 ferbuerint,
915 3681 1036 3786 inquit
1052 3683 1176 3758 Lamo.

995 3787 1128 3868 Schaff·
1224 3802 1227 3818 '

148 3984 202 4090 (c)
224 3982 302 4048 ΗΜ.
318 3983 394 4052 cur.
413 3990 454 4054 t.
467 3989 512 4054 11.
523 4013 554 4076 p.
572 4005 747 4080 aeg-333·
