2744 4298
297 303 300 314 ²
427 257 797 364 nux‘xxrrr.
1007 307 1113 390 ,μς
1242 339 1256 361 .

85 441 290 550 ¹l‘equente,
316 441 413 552 gesta
436 444 557 550 fuille,
584 467 684 551 patet
706 469 752 524 ex
778 447 834 522 his
858 443 963 548 ipius
992 450 1163 528 Andreae

98 557 240 630 verbis:
267 555 326 652 (a)
351 607 376 650 „
402 590 455 612 -
482 557 604 630 Ouum
628 577 719 652 nos,
744 554 848 630 DEO
872 555 1055 654 propitio,
1089 558 1164 634 iure

99 706 136 757 „¹
150 677 189 734 et
210 662 336 760 ordine¹
362 653 569 761 geniturae,
594 661 640 734 nd
664 655 792 732 lolium
819 676 858 733 et
880 658 1164 760 gubernaculum
1207 721 1211 754 2

98 810 123 852 „
148 770 252 866 regni
274 770 396 865 Hung.
421 761 602 840 firiffemur
620 759 819 862 sublimatu
845 781 887 852 et
910 766 1079 866 quidam,
1099 770 1165 867 qui

99 865 184 965 „se
221 872 353 947 ducem
386 871 574 946 Andrean
613 870 846 968 nominabat,
890 860 1065 943 adiunffir
1104 872 1167 948 sibi

99 991 124 1062 ,',
151 974 385 1074 peruersttrrtis
423 973 502 1050 sude
543 974 665 1072 sociis,
709 977 748 1047 in
779 975 893 1048 totius
925 977 1028 1075 regni
1057 973 1167 1052 nostri

101 1082 410 1180 „praeiudicium
442 1099 482 1152 et
516 1103 740 1182 graurmen,
778 1098 907 1156 contra
933 1079 1088 1154 nostram
1112 1104 1167 1156 re·
1250 1122 1254 1128 ·

100 1230 124 1270 ‚,
152 1186 247 1285 giam
261 1186 458 1291 procedere
477 1188 654 1262 niteretur
669 1181 885 1258 maiestatem
895 1210 907 1270 ς
919 1223 970 1249 -ν
988 1189 1042 1260 M.
1056 1187 1169 1262 Geor·

100 1343 125 1382 „
153 1289 277 1392 glum,
320 1285 435 1364 filiu‘m
471 1293 649 1388 Simonis,
682 1289 861 1388 deputatis
898 1289 959 1364 fibi
979 1293 1020 1364 in
1052 1291 1166 1366 socios

100 1449 125 1488 ‚,
153 1397 369 1496 quibupdam
397 1398 562 1494 cognatis
587 1415 626 1470 et
651 1395 775 1476 amicis
802 1395 984 1492 eiusdem,
1012 1397 1057 1472 ad
1079 1395 1169 1472 inse·

101 1553 125 1594 „
152 1503 339 1600 quendum
376 1493 512 1576 dierum
539 1501 671 1578 ducem
702 1497 871 1574 duximus
896 1499 1171 1602 destinandum,

103 1657 128 1698 „
156 1608 220 1706 qui
244 1604 277 1680 se
307 1600 423 1682 eidem
450 1627 518 1708 pro
541 1603 732 1702 fidelitate,
757 1605 864 1680 nobis
881 1625 919 1681 et
943 1629 1100 1680 coronae
1115 1630 1169 1682 re·

100 1755 125 1794 ‚,
140 1712 234 1810 ,gire
257 1734 298 1786 ac
325 1715 394 1786 toti
416 1733 530 1812 regno
561 1709 681 1786 nostro
707 1711 853 1806 debita,
878 1709 1026 1786 viriliter
1053 1733 1169 1810 pppo-

99 1863 123 1901 „
151 1837 236 1889 nere
260 1838 338 1890 non
350 1819 509 1916 expauit.
537 1852 591 1873 -
619 1817 950 1890 Ouumexe'rcitum
965 1813 1169 1918 generalem

99 1964 121 2004 „
150 1915 277 1994 eontra
299 1923 431 2002 ducem
454 1917 638 2018 nustriae,
664 1923 727 2020 qui
757 1915 914 1996 confinia
930 1923 1034 2022 regni
1055 1919 1169 1994 nostri

84 2029 123 2115 '‚,
149 2025 409 2122 deuastauertt,
436 2045 474 2100 et
488 2028 678 2126 ,quaedam
703 2023 815 2129 castre
836 2043 1178 2126 occuparemus--¹

98 2183 122 2222 „
150 2127 377 2214 mouillemus
388 2155 403 2218 5
428 2168 481 2190 -··
506 2133 661 2205 maxime
684 2133 812 2227 etiam,
837 2155 953 2234 quum
982 2134 1028 2206 ad
1052 2121 1170 2232 g'iran·

101 2279 124 2318 ,‚
152 2237 240 2308 dum
265 2229 451 2311 ciuitatem
475 2234 713 2312 Viennensem
739 2273 791 2308 r-
829 2232 1053 2325 mistllemus3
1097 2225 1171 2336 ipse

100 2394 125 2434 „
153 2343 207 2414 M.
246 2339 426 2445 Georgius
459 2338 538 2416 suae
581 2339 761 2444 fidelitatis
786 2345 1044 2443 experientiam
1080 2343 1173 2417 inibi

104 2499 127 2538 „
151 2439 371 2522 luculentius
387 2445 645 2524 exhibuit-
671 2489 724 2507 -
748 2449 833 2522 Dat.
857 2483 911 2507 -
942 2469 1040 2522 anno
1070 2447 1171 2522 dom.
1236 2517 1240 2552 ¹

103 2595 128 2635 ,‚
154 2550 348 2628 MCCXCL
377 2555 424 2626 V.
448 2548 522 2625 kal.
544 2554 640 2647 Sept.
667 2552 770 2651 regni
794 2567 916 2623 aurem
939 2549 1049 2623 nostn'
1071 2571 1170 2625 anno

102 2707 127 2748 „
153 2659 231 2733 11³⁴
257 2657 442 2727 Andream
467 2654 584 2726 adhuc
616 2652 660 2724 ad
691 2659 867 2730 Viennam
893 2659 932 2728 r'rr
959 2652 1090 2760 uigilia
1119 2651 1170 2733 B.

4 2755 6 2766 ‘
102 2757 285 2836 Laurentii
300 2758 353 2833 M.
365 2751 576 2854 constitisse,
601 2775 699 2854 patet
717 2781 760 2834 ex
776 2779 822 2832 eo
837 2755 1056 2857 diplomate,
1070 2761 1174 2860 quod

5 2865 9 2971 ζ
58 2875 61 2879 ’
105 2865 145 2938 C.
176 2865 354 2943 Kemenio
384 2879 489 2966 prope
522 2857 695 2940 Vr'ennm
726 2862 854 2942 eadem
876 2863 936 2940 die
962 2865 1076 2940 dedit.
1103 2863 1170 2962 (b)

5 2981 9 3004 ⁶
101 2977 251 3044 Paterna
277 2965 421 3044 Nicolai
452 2963 740 3046 melitenum
767 2963 921 3046 multum
950 2971 1006 3042 atl
1021 2969 1175 3048 redden·

5 3069 11 3114 l
106 3069 190 3148 dnm
205 3077 408 3180 Hungariae
427 3068 727 3172 tranquillitatem¹
744 3072 920 3170 contulit,
940 3077 1003 3174 qui
1024 3075 1085 3150 sub
1102 3077 1171 3149 ini·

5 3177 12 3198 '¹
104 3182 198 3254 tium
225 3183 310 3255 anni
336 3182 442 3256 huius
462 3181 653 3276 loannem,
688 3179 859 3292 Aefinpm
885 3177 1098 3278 antistitem,
1132 3184 1171 3254 in

6 3295 8 3309 ¹
106 3286 324 3387 Hungariam
345 3284 460 3381 misit,
487 3301 597 3382 vtque
624 3286 670 3359 de
701 3288 803 3387 regni
836 3283 926 3360 statu
959 3289 1090 3361 certior
1125 3287 1171 3360 ab

6 3389 14 3438 l
102 3389 165 3466 illo
181 3375 410 3488 redderetur,
436 3391 628 3492 praecepit.
647 3389 707 3487 (t)
735 3392 925 3492 speciatim
944 3409 1065 3466 autem
1086 3390 1172 3466 edo·

194 3527 197 3536 ⁴
1046 3517 1120 3572 cert

145 3769 189 3842 (a)
212 3772 270 3851 Ap.
286 3766 398 3851 Wagn.
426 3771 507 3852 Dipl.
533 3773 633 3838 Soror.
659 3795 689 3856 p.
709 3788 793 3916 204.
828 3771 873 3853 (l)
892 3771 950 3858 Ap.
966 3771 1082 3836 Timon.
1099 3765 1182 3862 Epir.

191 3853 354 4022 ⁴Cshrontqp.
372 3867 423 3936 84.
446 3851 489 3934 (c)
511 3859 566 3941 Ap.
578 3855 674 3940 lleyn.
691 3875 708 3916 e

235 3981 243 3999 ·
275 3959 330 4018 4·
462 4013 466 4022 .

9 4094 57 4158 l·
158 4119 502 4228 nntrrnrr.
732 4129 841 4210 un
916 4117 920 4126 ’
1258 4101 1263 4107 ’

740 3873 791 3916 nn.
806 3869 897 3936 1291·
919 3859 960 3922 N.
979 3873 1032 3941 45·
1049 3865 1103 3939 46.
1120 3881 1174 3948 47.
