2744 4298
226 127 302 208 514
458 107 955 182 storunnvs
1009 105 1054 181 v.
1337 46 1339 180 Ι

166 255 297 358 iratres¹
327 279 542 380 Seraphicos
576 277 753 380 strigonii
778 273 934 380 sepultus
960 276 1032 375 est,
1069 295 1157 350 cum
1188 271 1273 346 hoe
1337 184 1340 280 t

175 383 384 486 epitaphio:
412 393 473 484 ta)
1341 462 1342 512 Ν

264 593 289 632 „
313 551 419 636 Aspice
438 573 501 616 tem
520 573 639 634 unm,
661 559 721 618 'tren
742 561 865 638 cingunt
883 557 1007 638 virginio
1025 565 1126 612 namt

297 701 301 708 '
358 731 382 768 „
401 687 492 768 Rex,
513 687 592 768 dux,
613 691 737 771 regino,
760 685 862 772 qnibtn
881 683 962 747 tfflnt
982 681 1091 768 gaudio
1112 675 1237 740 αἰψ’

580 957 649 1064 n
676 939 837 1076 nvn.
882 1009 887 1021 ·

179 1100 678 1270 snnnnnnvs
738 1172 797 1266 v.
870 1165 1030 1261 nnx
1098 1165 1274 1260 xxn

352 1391 472 1498 Coepit
488 1390 541 1468 A.
559 1391 597 1468 C.
617 1409 729 1487 1270.
746 1385 848 1496 desiit
865 1387 918 1464 A.
936 1383 976 1472 C
995 1403 1108 1480 1272.
1145 1431 1153 1446 ·

278 1610 331 1687 A.
354 1607 393 1687 C.
421 1628 536 1708 1270.
564 1601 680 1720 Stepi.
710 1627 745 1690 1.
771 1599 850 1688 Ind.
871 1577 934 1706 ig.
960 1601 997 1681 Ρ.
1028 1624 1089 1700 13.
1115 1601 1174 1678 A.

645 1829 802 1906 CDXXI.

182 1949 409 2110 Stephanus
434 2005 480 2080 t.
512 2007 552 2080 in
581 2004 705 2082 locem
726 1969 971 2082 editns'anno
1001 2003 1275 2100 1239.trices1-

184 2139 289 2194 mum
307 2115 466 2213 oximum
489 2115 617 2186 aetatis
642 2135 780 2186 annum
801 2109 930 2210 agebat
938 2133 951 2192 ς
978 2129 1091 2207 quum
1106 2103 1221 2202 ,solus
1253 2137 1275 2186 ε

115 2249 118 2256 ⁴
184 2240 306 2298 morte
329 2219 439 2316 patris
455 2237 577 2290 rerum
601 2219 711 2316 potiri
732 2217 867 2318 coepit
907 2215 1115 2312 thrimum
1133 2219 1277 2313 Hyme-

184 2348 281 2402 naeo
299 2341 465 2394 maturus
478 2339 575 2416 erat,
602 2317 838 2396 Elisabetham
856 2321 1058 2392 Cumanam
1076 2323 1273 2396 connubio

186 2429 248 2507 sibi
271 2427 390 2502 iunxit
397 2449 410 2511 i
446 2447 492 2512 ex
515 2447 589 2527 qua
619 2444 703 2500 nata
728 2428 846 2499 Maria
874 2422 1004 2500 Caroio
1029 2419 1169 2500 claudo
1195 2429 1274 2500 iam

187 2553 272 2612 ante
293 2529 522 2630 'superiorem
548 2553 686 2605 annum
714 2527 890 2606 collocata
919 2526 999 2606 fint.
1052 2535 1108 2606 Ex
1141 2533 1276 2606 eadem

187 2637 374 2718 Ladislaus
392 2636 512 2712 editus
530 2659 628 2712 anno
650 2645 766 2715 1252.
783 2637 946 2712 moribus
956 2639 1142 2733 Cumano,
1160 2661 1279 2740 quam

191 2755 368 2846 Hungaro
396 2743 623 2846 dignioribus
649 2765 834 2844 agnomen
865 2743 987 2816 Chuni
1008 2741 1078 2818 fuit
1104 2743 1279 2845 adeptun

189 2853 415 2952 stephanum
441 2869 577 2950 porro,
603 2849 751 2922 viuente
770 2867 892 2948 patre,
919 2869 1134 2926 coronatum
1158 2847 1279 2949 fuiffe,

191 2975 293 3060 patet
318 2975 362 3028 ex
382 2973 429 3026 eo
448 2947 554 3028 Belae
580 2955 642 3027 lv.
666 2950 886 3052 diplomate,
913 2977 991 3054 quo
1017 2953 1189 3032 Fuikufio
1219 2981 1280 3032 ca·

191 3062 302 3138 stnnn
329 3051 432 3132 Filek
456 3055 591 3156 aufert,
618 3059 681 3133 vbi
700 3059 791 3134 haec
811 3059 907 3134 inter
930 3081 1052 3136 cetero
1075 3063 1279 3138 habentur:

193 3159 260 3265 (b)
290 3209 314 3252 „
328 3167 450 3238 fluum
467 3166 578 3264 igitur
601 3165 640 3237 in
659 3165 783 3239 medio
806 3165 910 3264 regni
928 3165 1038 3240 nostri
1061 3168 1201 3264 Albae,
1219 3193 1284 3244 co·

194 3329 218 3369 ‚,
244 3285 376 3348 ronato
395 3291 460 3367 per
482 3271 644 3344 diuinam
663 3268 894 3344 clementiam
911 3267 1090 3348 conissimo
1110 3271 1188 3350 filio
1215 3299 1285 3350 no-

192 3427 219 3470 „
245 3373 340 3469 stro,
367 3375 553 3473 Stephano
580 3397 667 3476 tege
702 3393 741 3450 et
765 3377 861 3451 duce
888 3381 1004 3472 totins
1034 3377 1283 3478 Sclauoniae,

191 3537 217 3574 „
245 3503 312 3579 pro
328 3477 499 3552 tribunali
522 3477 742 3554 sederemus..
762 3513 814 3541 -
841 3489 928 3536 -“
957 3487 1079 3560 Ouum
1104 3485 1199 3562 istud
1230 3491 1286 3562 di·

192 3581 342 3682 plonn,
368 3583 496 3657 datum
525 3605 624 3658 anno
655 3590 769 3663 1266.
810 3589 858 3664 de
891 3595 1152 3690 coronatione,
1188 3611 1286 3669 tam·
