2738 4304
177 235 306 331 secula
332 228 608 342 pertexendam
632 217 735 312 duxi.
780 225 998 312 ¹Pollicitus
1015 227 1158 319 ibidem
1177 233 1261 318 som

182 370 398 470 historiam,
429 393 524 476 quae
545 365 713 450 medium
743 364 847 449 inter
870 365 1007 454 vastam
1030 369 1133 456 illam
1153 387 1197 456 et
1218 371 1259 454 in
1296 441 1298 448 ,

177 510 319 591 summa
335 505 461 611 capita
481 498 647 589 condam
668 499 769 585 istam
788 501 919 588 locum
939 505 1137 610 obtineat;
1159 531 1257 616 quae
1278 591 1301 616 Δ,

179 646 379 752 planiore,
410 667 523 753 quam
541 641 626 742 illa,
655 639 856 746 pleniore,
885 644 1101 752 quantita,
1131 671 1259 732 narra-

176 789 287 870 tione
305 810 370 869 res
386 779 508 896 gestas
535 779 741 885 exhibeat;
772 779 837 865 sed
865 781 1077 904 postremos
1103 783 1178 897 ille
1204 787 1259 870 sa·
1307 819 1311 827 ·

173 926 354 1010 tiscenti's
398 919 535 1014 aetatis
577 946 715 1024 meae,
761 920 829 1005 vel
872 924 1042 1008 vicarius
1078 923 1257 1028 alteriue,

179 1061 382 1150 aestuantis
401 1081 530 1144 amore
551 1057 718 1164 patriae,
747 1057 856 1144 labor
881 1061 970 1144 erit.
1039 1060 1100 1148 Ne
1133 1087 1254 1170 porro

176 1199 422 1311 praestitutae
444 1195 646 1280 breuitatis
680 1194 824 1283 limites
850 1193 1161 1308 istic-egrediar3
1193 1227 1258 1285 an·

173 1357 248 1427 nos
269 1339 382 1440 illos,
415 1335 554 1446 quibus
576 1361 641 1420 res
666 1338 792 1422 minuo
817 1337 1088 1424 memorabiles
1110 1367 1253 1430 occur-

178 1495 293 1583 runt,
334 1473 582 1578 transiliam
622 1476 772 1586 iisque,
821 1503 984 1588 quorum
1019 1481 1109 1565 vius
1153 1489 1252 1588 erit,

172 1645 292 1730 quum
319 1613 505 1725 adneges
531 1625 696 1700 ventum
716 1617 857 1719 fixerit,
887 1622 1048 1727 cyclum
1073 1621 1251 1710 iudidio-

169 1759 232 1844 nis
253 1769 297 1841 et
316 1755 422 1870 diem
443 1753 663 1861 paschatis
654 1769 728 1840 xta
736 1756 983 1862 praeliciam,
1011 1775 1060 1844 vt
1084 1761 1252 1868 primum

174 1897 371 1982 dumtaxat
391 1889 527 1978 mensrs
554 1867 792 1976 elementum
814 1892 873 1980 Μ.
895 1895 1027 1981 velA.
1056 1901 1121 1984 seu
1145 1899 1252 1983 Mar-

166 2037 213 2119 tii
235 2035 301 2118 vel
318 2032 522 2140 Aprilis,-'
513 2055 553 2114 ιιι
572 2053 669 2138 quos
691 2031 794 2115 solos
824 2033 997 2120 incidere
1018 2039 1159 2142 pascha
1190 2041 1252 2122 so·-
1298 2070 1302 2080 ·

170 2171 248 2274 let,
276 2171 523 2280 exprimatur.
554 2165 613 2251 Vt
636 2149 769 2252 autem
787 2193 922 2255 eorum
941 2173 1155 2258 rationibus
1174 2199 1248 2258 ve-

75 2385 78 2402 ,
168 2308 316 2412 lificer,
348 2309 512 2420 quires,
543 2302 622 2390 istic
643 2302 818 2390 breuiter
834 2304 1064 2413 perlinitus,
1094 2308 1247 2417 plenius
1365 2399 1366 2409 .

170 2455 412 2564 cognoscere
441 2449 664 2552 voluerint;
694 2451 847 2551 fontes,
879 2478 901 2538 e
928 2452 1066 2562 quibus
1087 2454 1249 2538 uberior
1364 2479 1365 2482 ‘

168 2597 337 2682 narratio
361 2593 505 2680 hauriri
537 2589 669 2700 polit,
697 2591 901 2695 indicabo;
932 2596 1156 2702 cumprimis
1186 2621 1252 2679 au·

169 2753 254 2826 tem
285 2733 462 2822 historiae
497 2735 666 2819 criticae
700 2733 807 2831 loca,
837 2732 976 2842 quibus
997 2735 1155 2820 eaedem
1182 2761 1248 2822 res

168 2897 215 2968 et
247 2875 388 2963 fusiore
419 2873 565 2962 calamo
595 2869 887 2977 describuntur,
930 2888 974 2959 et
1006 2877 1247 2961 accuratiore

166 3015 254 3106 crist
279 3013 560 3113 discutiuntur,
600 3007 822 3122 designabo.
884 3013 990 3099 llaec
1017 3037 1161 3122 pauca,
1195 3033 1247 3101 nc
1357 3059 1358 3115 ι

168 3173 241 3257 te,
268 3153 465 3238 beneuole
486 3148 628 3254 ledor,
659 3153 806 3258 inipso
835 3151 966 3237 limine
992 3151 1135 3234 diutius
1163 3178 1249 3236 ruo
1354 3171 1357 3230 ι

165 3319 251 3393 rer,
279 3290 484 3396 praefanda
507 3291 653 3374 censui.
698 3287 810 3372 Vale.
854 3288 998 3372 Dabam
1024 3287 1246 3393 Coloczae,
1345 3245 1356 3472 l

168 3431 233 3520 die
252 3429 324 3516 IV.
345 3427 483 3516 mensur
501 3425 700 3536 Odobris,
731 3453 831 3514 anno
851 3427 955 3514 dom.
971 3429 1266 3522 MDCCXCV.
