2738 4304
504 44 859 184 ‘nixib'
1099 60 1190 200 η’

105 261 170 336 At
199 257 243 340 illi
272 288 346 340 non
375 285 521 341 tantum
549 271 628 371 paci
647 293 722 344 non
749 267 1032 368 acquieuerunt,
1063 263 1119 340 sed
1136 291 1198 340 no·
1316 251 1322 270 ’

105 389 208 442 uum
225 368 369 470 insuper
394 375 546 450 Bouaris
565 371 768 476 periculum
793 373 889 470 apud
917 369 1132 476 pontificem
1151 375 1203 443 in-

23 529 25 570 ,
106 471 213 568 iquis
238 479 553 562 criminationibus
567 499 746 556 crearunt.
800 483 923 572 Nam,
951 497 992 554 vt
1009 473 1201 550 molestum

22 613 25 688 p
112 575 336 660 Germaniae
359 587 490 684 iugum
518 605 760 680 excuterent,
787 607 807 654 a
837 585 973 661 Ioanne
998 585 1057 656 IX.
1076 577 1203 654 multis

21 749 23 762 ,
106 687 283 782 precibus
308 687 574 790 efflagitarunt,
598 710 640 764 vt
667 687 747 770 suos
771 691 936 765 Merauis
952 686 1124 766 antistites
1141 685 1203 758 da-

105 807 190 887 ret,
219 817 266 878 ne
290 817 378 867 curn
403 798 576 892 Bouaria,
604 798 671 895 qui
693 786 888 894 Hungatos
915 795 960 866 ad
987 789 1126 874 ltaliam
1141 813 1201 869 va-

105 889 278 977 standam
304 899 538 998 immiserint,
566 901 830 975 communione
869 895 1047 1000 sacrorum
1076 899 1202 996 iunge-

104 1021 247 1080 rentur.
302 1005 426 1082 Faeile
452 1009 515 1090 has
534 1008 805 1086 criminationes
823 1005 863 1078 in
881 999 1104 1085 accusatores
1126 1003 1200 1108 epi·

106 1101 216 1206 scopi.
241 1109 480 1188 retorserunt.
507 1115 568 1212 (a)
1045 1111 1048 1118 ’

405 1327 458 1408 A.
478 1327 529 1406 e.
556 1323 647 1423 90«.¹
665 1326 821 1432 ..upari
846 1272 911 1412 n.

206 1525 318 1598 XXlI.
344 1525 527 1626 Hungari,
546 1549 640 1600 cum
655 1524 865 1628 ingentibus
888 1522 1008 1624 spoliis
1030 1547 1075 1598 er
1093 1523 1199 1598 Italia

111 1623 175 1699 sub
202 1631 290 1702 anni
320 1629 427 1704 buius
455 1633 598 1708 initium
624 1631 779 1730 reuerfi,
802 1630 992 1730 postquam
1021 1621 1116 1704 vires
1145 1655 1197 1704 at·

111 1735 216 1806 tritas
240 1731 506 1832 instaurassent,
535 1761 575 1812 ac
600 1737 687 1812 aiios
717 1761 869 1836 quoque
896 1735 954 1834 spe
982 1737 1195 1834 praedarum

76 1845 79 1850 '
113 1838 158 1910 ad
186 1839 354 1924 eamdem
387 1845 660 1940 expeditionem
689 1843 948 1940 suscipiendam
964 1838 1172 1915 excitassent
1186 1864 1201 1926 3

111 1941 229 2017 rursus
251 1947 297 2018 ad
325 1941 546 2043 spoliandam
575 1949 765 2050 regionem
792 1941 891 2024 illam
919 1967 1016 2019 arma
1044 1967 1198 2018 conuer-

113 2069 267 2146 terunt,
295 2073 336 2124 ac
353 2051 458 2126 caesis
473 2077 547 2128 vno
573 2049 710 2153 praelio
725 2073 786 2125 20.
801 2045 971 2146 millibus
999 2048 1198 2144 Italorum,

112 2152 325 2260 longius-in
350 2159 644 2258 Longobardiam
672 2157 832 2254 inuedii,
859 2181 976 2254 quum
994 2157 1153 2232 munitas
1168 2173 1195 2226 'a

111 2281 218 2362 tergo
251 2263 417 2336 ciuitates
441 2255 517 2337 non
531 2283 762 2364 expugnatas
793 2257 1013 2360 reliquissent
1025 2287 1037 2347 3
1057 2285 1077 2334 a
1096 2261 1197 2334 Chri-

113 2363 234 2440 stianis
261 2368 306 2438 ad
337 2371 517 2447 Brennum
541 2367 602 2443 seu
635 2375 808 2444 Brentam
841 2365 1065 2462 circumiuss,
1110 2369 1197 2466 quia

113 2465 292 2570 promissis
323 2471 564 2574 precibusque
592 2473 678 2576 nibil
705 2473 958 2572 profecerunt,
984 2476 1115 2547 animis
1147 2495 1194 2546 ex

114 2575 363 2678 desperatione
390 2575 544 2676 sumtis,
568 2581 611 2652 ¹in
638 2582 809 2654 incautos
835 2583 1038 2676 irruerunt,
1086 2575 1195 2678 pluri·

115 2685 258 2788 misque
286 2675 475 2786 iugulatis,
503 2681 640 2786 reliqua
668 2689 771 2786 regni
789 2683 870 2760 loca
890 2684 1083 2762 saeuiendo
1115 2703 1195 2780 per·
1244 2679 1248 2686 '

113 2807 315 2863 currerunt.
343 2785 402 2884 (b)
432 2793 552 2866 (buum
588 2813 711 2892 pugna
745 2793 834 2866 haec
868 2814 930 2890 24.
970 2789 1194 2890 Septembris

116 2895 207 2968 inita
234 2889 540 2995 firerit510ngius
568 2899 749 2998 Hungaris
779 2895 924 2998 tempus
952 2917 1052 2992 erat,
1081 2915 1195 2989 quarn

114 2995 365 3102 vt-reliquam
392 3003 475 3074 anni
504 3023 642 3100 partem
674 3005 791 3101 quieti
824 3003 1018 3104 transgere
1046 2993 1197 3098 possent.

114 3101 246 3202 Spoliis
274 3108 386 3207 igitur
411 3107 457 3186 in,
477 3109 692 3202 Pannonia,
718 3111 791 3179 iarn
822 3103 911 3202 sua,
939 3102 1130 3204 depositis,
1157 3105 1196 3174 in

113 3214 301 3286 Raouiam
328 3211 522 3312 irrupturi,
543 3209 685 3312 legatos
714 3213 894 3310 quosdam
914 3207 1198 3316 praemiserunt,

115 3319 202 3416 qui,
229 3341 293 3415 per
331 3317 486 3418 speciem
525 3316 734 3416 ineundaeg
751 3341 836 3391 cum
868 3317 1080 3413 Ludouico,
1107 3337 1193 3414 rege
1265 3355 1268 3363 ¹
1347 3329 1349 3340 ’

116 3445 244 3519 nouo,
285 3427 409 3523 pacis,
451 3425 592 3500 aditum
615 3423 652 3494 in
679 3427 869 3524 regionem
894 3419 991 3498 illam
1028 3425 1198 3493 rimaren-

114 3545 187 3602 tur.
240 3535 320 3631 Hoc
346 3545 516 3631 reperto,
544 3524 641 3602 nulla
660 3552 763 3602 nrora
788 3527 875 3623 brit,
903 3535 994 3628 quin
1014 3527 1195 3605 cumuni-

113 3632 223 3714 uerfis
255 3655 408 3734 repente
453 3638 569 3738 copiis
609 3631 772 3739 Anasum
814 3639 1121 3726 transmitterent,
1157 3648 1195 3702 et

118 3869 1196 3931 ...---............·...........................-.

151 3964 202 4060 (rt)
218 3959 294 4038 alta.
306 3963 358 4036 01.
369 3967 448 4042 Due·
457 3985 487 4054 p.
500 3983 677 4058 erp-run.
692 3961 739 4050 (b)
753 3961 866 4054 [nipe.
882 3955 1207 4036 1..uC.1v.v.v1,
