2738 4304
260 173 311 248 m
561 109 974 288 nurnoee

146 406 150 417 ,
202 357 371 442 garorum
394 333 592 438 borbono,
616 340 834 438 Lebediam,
861 341 965 416 nobis
986 333 1201 435 Blendium,
1234 331 1294 413 ad.

203 441 237 519 se
268 441 504 521 chelandiam
536 449 693 542 acciuit,
727 439 1007 548 supremumque
1041 447 1159 546 gentis
1195 440 1279 518 suae

203 552 406 651 principem
432 575 551 628 creare
575 547 706 628 noluit.
724 553 785 644 (a)
805 555 878 628 ,At
895 549 978 650 ille,
1004 571 1146 624 memor
1175 550 1298 623 iuris-⁸

199 658 365 755 iurandi,
411 679 488 758 quo
527 661 691 758 Hungari
718 656 855 755 semper
882 679 927 734 ex
962 655 1063 732 Almi
1097 655 1281 756 progenie

199 764 334 836 ducem
362 759 396 840 se
419 763 606 838 habituros
626 758 918 862 spoponderunt,
946 759 1103 838 oblatam
1132 759 1193 832 srbi
1219 760 1279 832 di·

204 870 381 970 gnitatem
413 868 574 944 modeste
607 869 839 966 deprecatus,
876 867 1029 944 Almum
1063 861 1176 964 ipsum
1210 881 1282 937 aut

164 965 171 976 ’
202 975 395 1074 Arpadum
417 972 469 1048 sui
491 973 575 1048 loco
594 969 791 1072 proposuit
843 975 1011 1074 Arpadus
1042 973 1173 1071 igitur,
1213 967 1283 1043 cui

201 1081 275 1152 iam
300 1075 455 1176 Almus,
484 1079 533 1152 ob
556 1096 709 1152 aetatem
740 1075 948 1176 prouediam
981 1073 1181 1175 fradasque
1210 1095 1283 1174 per

202 1180 448 1282 longinquum
471 1183 539 1258 iter
557 1185 668 1280 vires,
694 1179 1024 1282 retardandum,
1051 1202 1162 1280 quam
1180 1177 1281 1254 inter

202 1295 395 1387 ilungaros
417 1288 592 1386 habebat,
619 1283 831 1387 potestatem
856 1285 953 1364 vltro
974 1284 1142 1382 cederat,
1169 1305 1296 1376 more¹

203 1395 449 1470 Chazarorum
478 1396 517 1468 in
548 1391 650 1469 scuto
682 1389 862 1492 sublatus,
897 1396 1063 1496 princeps
1087 1393 1284 1491 inaugura·

201 1519 260 1574 tus
290 1495 352 1575 est.
408 1499 469 1574 Ab
495 1501 563 1573 hac
580 1500 855 1599 inauguratione
882 1501 1054 1575 maiorem
1076 1493 1135 1571 ille
1168 1513 1281 1598 pote-

202 1602 328 1678 statem
352 1605 391 1676 in
412 1601 500 1705 ipsas
521 1606 695 1704 anonymi
703 1603 912 1706 principales
921 1601 1081 1708 personas
1105 1603 1280 1701 adeptuS,

46 1715 52 1727 '
200 1729 345 1786 ceteros
365 1711 477 1786 duces
493 1711 533 1781 in
554 1709 823 1810 expeditiones,
843 1729 931 1812 quas
950 1705 1091 1805 voluit,
1107 1708 1279 1783 dimitte·

120 1907 123 1912 Ι
202 1817 264 1889 bat
270 1841 284 1903 3
318 1836 453 1912 terras,
479 1809 574 1895 bello
606 1831 745 1915 partas,
774 1813 943 1892 arbitratu
977 1813 1039 1889 suo
1074 1811 1277 1896 nidoribus

198 1921 390 1998 addicebat
395 1947 409 2007 3
434 1917 534 2022 leges
560 1921 668 2021 ipsas,
696 1921 828 2022 quibus
850 1939 928 1998 tota
960 1943 1050 2022 gens
1076 1917 1276 2020 obstringe·

32 2093 33 2100 ,
134 2111 139 2118 ,
193 2046 318 2124 retur,
360 2023 432 2128 ipse
460 2027 597 2126 primus
620 2023 869 2102 constituebat.
923 2031 1177 2126 Quapropter,
1213 2047 1279 2099 au-

198 2127 333 2228 ffiore,
361 2153 472 2232 quam
499 2147 621 2229 pater,
648 2128 822 2230 potestate
850 2133 1059 2230 praeditus,
1085 2127 1273 2229 copiissil·

196 2233 268 2312 lico
290 2235 428 2334 diuifis,
458 2237 614 2335 primum
640 2231 783 2336 plagas,
810 2237 904 2310 inter
922 2237 1134 2336 Bodrogum
1151 2253 1189 2309 et
1209 2237 1275 2310 Ti·

197 2343 339 2418 biscum
354 2339 457 2441 fitas,
474 2345 687 2442 occupauit:
706 2341 858 2438 deinde,
880 2335 988 2416 miffls
1007 2341 1052 2416 ad
1075 2335 1276 2440 salanum,

196 2444 437 2552 Bulgarorum
467 2449 691 2548 principem,
728 2447 958 2544 muneribus,
997 2465 1105 2522 terras
1135 2447 1181 2520 ad
1210 2451 1274 2518 Sa·

194 2555 320 2628 ionem
344 2575 484 2654 vsque,
508 2571 589 2626 tum
618 2553 662 2626 ad
689 2570 809 2651 portas
835 2549 1043 2627 Meszessnas
1070 2551 1131 2626 fibi
1152 2553 1275 2626 vindi·

196 2659 313 2734 cauit:
338 2677 441 2757 nrm,
468 2683 579 2762 opera
606 2658 832 2755 Tuhutumi,
873 2650 1167 2732 Tranffiluaniam
1192 2653 1274 2730 sub-

196 2765 272 2864 egit
279 2789 294 2850 3
331 2765 489 2866 denique
513 2765 692 2841 ditionem
713 2763 811 2837 suam
835 2760 957 2850 senfim
991 2763 1036 2838 ad
1059 2765 1272 2864 Zagyuam,

193 2867 352 2972 Ipolim,
379 2871 565 2972 Granum,
592 2873 766 2971 vagum,
793 2870 985 2946 Morauam
1008 2865 1270 2972 promouit(b)

502 3082 552 3162 Ἀ.
583 3080 619 3161 C.
646 3091 737 3184 893·
765 3079 900 3190 Apud
928 3101 962 3182 5.

287 3305 365 3380 XV.
403 3294 641 3380 Occafionein
675 3303 761 3378 huic
790 3301 842 3376 rei
878 3293 1056 3400 gerendae
1095 3291 1264 3398 praebuit

193 3405 472 3508 zuentibaldus,
498 3411 604 3482 nobis
625 3401 889 3506 suatoplugus,
915 3403 1147 3478 Marahaniae
1175 3425 1264 3506 rex,

194 3521 239 3594 ed
265 3542 375 3620 quem
402 3515 693 3616 oppugnandum
726 3505 936 3609 Arnulphus
965 3505 1080 3586 caesar
1115 3513 1266 3610 Hunga·

191 3649 274 3727 ros,
300 3621 470 3700 viiioriae
494 3619 597 3696 cursu
622 3639 791 3720 magnam
811 3613 969 3719 regionis
992 3615 1100 3696 nutus
1119 3635 1261 3715 partem

1089 3743 1212 3800 emen·

194 3863 386 3888 μαι-ιιι...

234 3936 285 4026 ta>
306 3933 454 4000 conm.
473 3951 534 4015 car·
552 3943 601 4013 rt·
645 3927 691 4016 (ὅ)
714 3932 814 4014 non,
832 3947 896 4015 er·
920 3941 1054 4016 ¹r-3n
1094 3929 1168 4012 flu.
1189 3923 1265 4006 or,

298 4021 374 4092 line.
396 4039 425 4108 p.
447 4019 617 4100 ¹2⁶·145·
721 4099 725 4104 Ι
761 4049 764 4054 ·
