2754 4306
502 118 648 224 RE'X
699 147 835 230 ΧΠ·
945 93 1009 204 ι’
1081 171 1159 266 353
1217 149 1256 224 ,“

131 319 357 424 gonienfium
398 326 661 398 canonicorum
693 319 848 426 collegio
883 323 998 422 datis,
1036 341 1212 426 apparet,

75 505 87 530 ,
135 449 291 530 quarum
303 429 470 530 epilogus
485 431 538 502 ita
551 430 680 504 habet:
710 435 769 526 (a)
798 432 937 516 „Anno
956 433 1002 504 ab
1019 431 1092 504 inc.
1109 431 1209 510 dom.
1238 461 1240 466 ·

133 581 159 624 „
185 529 484 631 MCLXXXVIII.
540 531 630 632 lob,
656 534 891 640 strigoniense
911 535 1246 636 archiepiscopos·
1325 587 1326 590 κ

133 685 158 734 „
185 635 337 736 Paullo,
357 639 535 715 Colocen.
551 635 667 740 eleslo
677 664 690 725 3
706 645 843 736 Petro,
860 641 1012 744 Agrico.
1029 639 1211 742 Boleslao,

134 747 335 842 „vacien
373 741 586 846 episcopis?
614 745 820 846 Vngrino,.
843 747 1014 821 Geun'en.
1052 749 1213 847 Ioanne,

133 903 158 945 ,‚
183 852 424 949 Bezprimien.
441 847 562 926 eleffis
574 873 585 935 ;
613 851 753 954 Mogy,
776 849 937 951 palatino
953 851 1089 940 comite
1096 876 1110 938 5
1127 858 1211 928 Do·
1244 937 1247 942 .

135 1005 159 1051 „
189 957 347 1052 minico,
389 951 515 1030 curiali
546 957 683 1036 comite
694 981 708 1042 3
743 988 796 1015 *-
837 951 942 1054 Saul,
980 953 1208 1032 Cenadienfis

134 1111 157 1152 „
185 1055 341 1158 elesius,
368 1061 464 1160 hanc
489 1063 652 1138 chartam
679 1065 885 1136 annotauit.
904 1074 930 1114 ‘⁸
981 1065 1038 1134 Ex
1054 1061 1130 1136 aliis
1144 1063 1210 1138 hu·

129 1169 187 1244 ius
213 1166 297 1242 enni
318 1169 553 1242 documentis
571 1165 760 1264 discimus,
785 1165 911 1244 Balatu
929 1167 1038 1242 ctiam
1061 1166 1135 1242 hoc
1151 1191 1213 1243 an·
1294 1185 1298 1192 ’

105 1291 183 1350 no
206 1269 426 1364 Dalmatiam
450 1269 644 1372 possedisse.
695 1273 828 1346 Veneti
856 1273 938 1362 -iam
968 1258 1140 1348 odarum
1169 1275 1210 1348 in

131 1399 269 1454 annum
295 1379 509 1452 acerrimum
534 1401 620 1452 curn
646 1400 693 1452 eo
710 1374 846 1454 bellum
863 1373 1065 1479 gesserunt:
1080 1401 1212 1478 quum·
1258 1414 1260 1420 ·

132 1509 207 1586 que
233 1500 340 1560 tanto
366 1501 560 1582 tempore,
586 1479 749 1584 pluribus
772 1487 932 1583 acceptis
957 1477 1138 1580 cladibus,
1154 1487 1208 1558 ni·
1348 1514 1351 1524 2

2 1651 3 1668 1
131 1590 183 1666 hil
200 1583 443 1693 prostciffintr
471 1589 517 1662 ad
540 1591 639 1689 pacis
665 1585 916 1664 tradationenr
944 1590 1106 1662 animum
1132 1606 1210 1664 tan·

133 1699 217 1772 dem
242 1695 473 1791 adiecerunt,
498 1692 697 1794 utiliusque
721 1695 819 1766 vires
841 1689 916 1768 suas
935 1695 979 1766 ad
1008 1697 1207 1770 saracenos

1 1831 2 1868 r
58 1835 60 1840 ·
130 1801 398 1902 oppugnandos
415 1801 681 1874 conuertendas
709 1796 936 1872 censuerunt.
965 1793 1027 1896 (b)
1051 1801 1230 1888 Narnia*

129 1907 326 1982 Palaellina‘
343 1901 530 1978 Saladinus
543 1923 582 1978 et
601 1904 811 1978 Gnidonem
824 1927 968 2004 regem,
995 1921 1033 1980 et
1050 1899 1206 2006 faustam

127 2032 300 2110 crucem,
341 2027 379 2084 et
407 2003 518 2108 ipsam
556 2005 890 2108 Hierosolymorum
905 2080 909 2090 ,
927 2009 1078 2105 vrbem,
1121 2031 1208 2086 cum

128 2116 255 2194 multis
280 2115 358 2192 aliis
384 2131 499 2190 terrae
525 2109 661 2190 landae
680 2113 792 2212 locis,
816 2115 856 2188 in
878 2111 975 2188 suam
991 2109 1206 2214 potestatem

127 2245 226 2300 anno
250 2217 435 2322 superiore,
451 2220 603 2323 redegit.
662 2221 774 2294 Fama
806 2237 882 2293 tam
907 2217 1067 2294 lirneliae
1095 2217 1206 2296 iseu-

125 2353 186 2404 rae
219 2351 283 2428 per
315 2327 443 2402 orbern
474 2323 716 2402 Christianum
747 2315 886 2420 didita,
913 2321 1021 2400 multi
1056 2348 1205 2400 crucem

127 2425 382 2530 assumserunt,
408 2453 450 2506 ac
476 2433 521 2505 ad
540 2427 663 2506 amissa
678 2431 925 2531 recuperanda
955 2429 1099 2532 magnis
1131 2433 1207 2506 ani·
1358 2431 1366 2442 '

127 2545 196 2615 mis
221 2543 271 2613 ire
296 2537 571 2614 constituerunt.
626 2537 686 2608 Ob
707 2559 946 2612 communem
972 2537 1072 2610 hunc
1108 2534 1207 2610 Chri·

126 2643 322 2722 stlanorum
347 2645 386 2716 in
411 2640 544 2716 sacram
565 2639 835 2740 expeditionem
854 2638 1084 2736 consensum,
1102 2645 1207 2714 Hun-

1 2753 3 2762 ’
128 2753 206 2853 gari
230 2769 382 2848 quoque
403 2769 490 2822 cum
515 2747 691 2840 Venetis,
717 2742 804 2818 licet
825 2767 901 2820 non
918 2761 1074 2844 pacem,
1094 2745 1204 2821 indu·
1351 2745 1375 2817 ,“

126 2861 200 2932 cias
228 2872 375 2948 tamen,
417 2851 566 2948 biennio
598 2850 784 2927 duraturas
792 2909 804 2948 ‚
841 2849 1089 2926 confecerunt.
1140 2851 1204 2926 Ad
1283 2927 1286 2936 ,

1 2987 2 2990 ’
124 2955 294 3036 aunlium
305 2950 523 3058 periclitanti
535 2951 746 3030 Palaestinae
765 2953 954 3031 serendum
971 2957 1088 3033 itunrs
1104 2963 1204 3032 Heu·
1228 2959 1233 2982 ⁶

1 3126 11 3162 ,
120 3071 239 3164 ricus,
265 3057 420 3164 Anglir‘e
442 3083 527 3157 rex,
554 3062 658 3135 cuius
685 3079 820 3136 nurum
847 3063 1084 3164 Margaritam
1115 3059 1204 3140 Bela

1 3175 3 3250 ἶ
124 3175 301 3266 duxerat,
327 3186 451 3242 tutum
476 3187 517 3240 ac
537 3163 720 3267 prouisum
744 3189 808 3268 per
831 3170 1057 3269 Hungariam
1081 3165 1204 3244 transt·

77 3282 79 3290 ’
121 3297 204 3354 tum
225 3279 269 3354 ab
290 3298 336 3350 eo
351 3296 417 3373 per
432 3271 566 3346 litteras
585 3273 701 3372 petiit.
753 3271 950 3372 Respondit
973 3277 1007 3348 ei
1032 3274 1199 3350 Belo-111.
1300 3291 1304 3298 ·
1339 3322 1342 3332 ·

124 3387 163 3458 in
179 3385 269 3464 baec
288 3383 420 3454 verbar
437 3375 497 3476 (b)
520 3423 544 3463 ‚‚
559 3415 614 3441 ·-
632 3373 873 3452 Certiffimum
894 3379 1079 3476 habeatis,
1098 3377 1202 3486 quod

122 3539 149 3586 ‚,
174 3492 294 3590 regiae
323 3481 859 3588 magnificentiae'proposrtum
883 3482 1134 3562 collaudamus
1162 3503 1201 3560 et

969 3635 994 3679 η
1021 3617 1150 3694 appro-

158 3821 213 3908 (α)
234 3819 278 3880 ει
299 3796 389 3884 uss.
409 3797 638 3880 moranno.
680 3819 727 3902 (t)
749 3815 882 3902 onus.
897 3815 951 3884 ,ta
975 3819 1013 3882 n
1035 3815 1071 3882 c.
1099 3805 1198 3886 tt'r.

215 3901 286 3966 XX.
309 3923 337 3984 p.
365 3923 437 3970 ιη.
475 3905 519 3982 st)
538 3909 597 3988 Ap·
620 3901 738 3970 eruls.
759 3899 817 3968 eol.
831 3901 905 3987 ⁶32·

179 4007 276 4114 Epir.
295 4001 419 4086 tiron.
438 4003 475 4086 P.
491 4005 545 4084 I..
590 4114 593 4121 1
739 4007 772 4098 Ζ
