2738 4304
566 189 721 272 nvx
781 191 828 288 ι.Ι
1004 117 1172 286 '09

145 359 273 464 plagas
296 357 513 462 Cuturguri,
538 359 735 439 Iuffiniano
759 379 839 436 tum
861 360 988 456 amici,
1016 363 1224 437 tenuerint:

148 491 241 568 ergo
258 465 380 540 versus
401 470 580 544 orientem
597 485 659 540 aut
676 463 967 567 septemtrionem
981 491 993 554 3
1020 486 1063 539 vt
1079 463 1225 568 longius
1251 511 1253 516 ·

149 573 198 646 ab
221 573 415 669 Romanis,
442 595 535 674 quos
551 569 742 674 fugerant,
770 569 932 646 abessent.
962 577 1108 648 'Ouum
1127 577 1225 646 enim
1284 593 1292 670 ᾗ

152 677 400 776 Theophanes
409 675 587 752 subiiciat:
599 677 661 755 Et·
678 703 744 782 quo
752 694 831 780 pax
848 672 1021 780 Bosphoro
1038 672 1225 777 restituta,

149 779 305 888 sucusque
324 809 347 856 a
368 783 555 882 Romanis,
579 785 673 858 omni
703 779 833 884 depulso
859 787 1007 880 timore,
1048 799 1226 885 occupatus

153 883 228 988 est5
252 910 333 960 non
357 883 473 987 posset
499 891 618 965 omnis
637 888 747 961 timor
771 883 937 986 depulsus
965 883 1136 986 inteiligit
1163 887 1226 964 nist

152 993 244 1067 hacc
269 997 489 1070 Hunnorum
511 1003 640 1070 manus
658 994 745 1080 inde
762 988 905 1094 longius
922 987 1136 1068 abscefflsset.
1161 995 1229 1066 At·

1 1141 2 1146 =
153 1121 230 1198 que
254 1099 341 1174 hinc
370 1121 442 1202 ego
462 1092 638 1201 suspicor,
665 1098 758 1172 hanc
787 1094 1056 1200 Vturg'urorum
1087 1117 1227 1198 partem

150 1206 252 1294 (nec
279 1205 376 1278 enim
398 1227 529 1280 omnes
551 1203 612 1279 vel
635 1205 779 1280 Gorda'e
802 1199 946 1278 subiedi
972 1206 1070 1304 prius
1097 1221 1225 1299 erant,

27 1371 32 1382 .
155 1307 214 1383 vei
236 1305 326 1409 fuga
363 1309 424 1382 sibi
440 1307 734 1406 consuluerant)
758 1311 798 1382 in
831 1333 910 1384 eam
943 1311 1153 1409 regionem,
1180 1332 1226 1384 ex

152 1435 230 1516 qua
255 1411 401 1490 subinde
424 1420 510 1492 Hun
539 1417 590 1490 ari
615 1415 677 1490 sub
701 1410 860 1515 auspiciis
879 1411 980 1488 Almi
995 1417 1096 1488 ducis
1120 1415 1228 1514 prod·

150 1521 330 1616 inerunt,
372 1541 491 1598 conce
517 1519 599 1609 rsse5
635 1524 696 1598 hic
717 1522 756 1592 in
785 1543 954 1621 magnam
969 1577 972 1586 ,
988 1516 1109 1620 postea
1142 1543 1228 1620 gen·

150 1643 254 1722 tem,
280 1623 583 1726 interuallo,356.
609 1649 812 1726 annorum,
838 1622 1049 1712 excreuiffe3
1076 1644 1227 1698 'mutata

1 1729 2 1738 ’
148 1731 339 1831 regiminis
372 1729 509 1832 forma,
554 1735 702 1808 demum
730 1733 769 1804 in
806 1734 920 1808 varias
945 1732 1061 1813 uibus
1098 1723 1227 1804 abiisse.

153 1841 242 1910 Hoc
267 1837 372 1933 dato,
397 1836 591 1916 verisimilis
617 1839 722 1912 reddi
749 1839 839 1910 ratio
866 1833 1006 1936 potest,
1033 1836 1224 1936 quomodo

152 1945 338 2042 Hungari,
372 1941 568 2018 secundum
592 1963 827 2018 communem
857 1937 1055 2040 patriorum
1082 1937 1226 2038 scripto·

1 2072 2 2078 *
150 2069 251 2148 prum.
274 2049 525 2148 traditionem,
552 2051 596 2122 ab
616 2031 760 2122 Hunnis
785 2043 976 2142 Attilanis,
1003 2065 1229 2146 quorumre·

151 2147 283 2251 liquias
305 2157 509 2256 Vturguros
526 2151 625 2230 fuisse
648 2155 825 2248 vidimus,
842 2149 1090 2228 descenderint
1101 2173 1228 2250 pquo·

152 2260 273 2334 modo
301 2261 426 2359 tegio,
467 2285 577 2362 quam
609 2257 712 2333 olim·
730 2259 981 2355 incoluerunt,
1028 2255 1227 2330 secundum

155 2385 385 2465 anonymum
406 2367 513 2444 Besae
536 2368 742 2463 notarium,
769 2363 1006 2470 Drautmoger
1031 2357 1125 2436 dida
1152 2359 1238 2434 fue?

152 2470 214 2542 rit.
268 2466 386 2546 Facile
425 2493 558 2571 nempe
588 2469 707 2576 Moger
736 2493 756 2541 a
787 2469 956 2574 Moager,
996 2489 1107 2568 quem
1139 2488 1226 2539 cum

154 2577 327 2672 Horruit,
350 2575 539 2678 Bosphoro
558 2577 706 2672 vicinis,
731 2569 889 2674 effugisse
906 2575 1084 2668 vidimus,
1110 2567 1229 2670 appel·

154 2673 333 2755 lationem
349 2679 446 2756 suam
475 2681 613 2754 trahere
637 2684 785 2780 potuit3
812 2699 904 2779 quae
918 2680 1089 2776 tandem,
1116 2671 1228 2752 emus·

152 2779 217 2860 lita
237 2789 569 2886 pronunciatione,
594 2788 634 2886 in
653 2783 807 2894 Magyar
833 2783 943 2862 desiit.

246 2998 329 3072 vll.
356 2999 575 3100 Anonymus
604 2995 712 3074 Besae
742 2998 903 3071 notarius
932 2993 1079 3094 plagam
1108 2989 1228 3090 illam,

151 3124 267 3204 quam
290 3105 332 3174 in
347 3103 430 3176 Asta
449 3108 630 3205 Hungari,
657 3107 863 3201 priusquam
888 3105 922 3174 in
940 3103 1125 3200 Europam
1144 3101 1230 3172 emi-

154 3206 335 3308 grassent,
359 3209 612 3304 incoluerunt,
638 3203 805 3282 semelae
828 3207 959 3278 iterum
974 3207 1229 3305 Dentumoger
1257 3291 1265 3302 ,

155 3309 336 3412 appellat,
363 3315 466 3390 acin
492 3317 640 3415 Scythia
664 3331 762 3387 trans
791 3313 941 3389 Tanaim
959 3334 1000 3385 ac
1025 3309 1116 3387 vltra
1133 3315 1228 3384 Pon·
1292 3375 1300 3388 .

154 3437 236 3490 tum
256 3421 440 3500 Euxinum
457 3416 805 3513 collocaatafflanc
828 3439 916 3492 vero
938 3421 1121 3516 Scythiam
1141 3437 1229 3489 ano·
1262 3459 1264 3466 ,

154 3545 290 3624 nymus
311 3521 427 3622 alter,
452 3529 565 3627 'quem
581 3527 774 3600 Turotzius
798 3519 898 3597 suum
928 3519 1157 3596 describendo
1180 3517 1228 3592 se·
1363 3534 1367 3546 ’

155 3629 229 3724 cit,
254 3628 446 3730 trifariam,
469 3633 509 3704 in
524 3628 768 3730 Bostardiam,
784 3629 953 3706 Drmiam
969 3645 1006 3700 et
1024 3629 1227 3733 Magariam

155 3735 300 3814 diuidit.
320 3734 378 3836 (b)
402 3741 483 3814 MS.
501 3737 620 3811 codex
644 3759 713 3842 pro
732 3729 940 3838 Bostardia,
976 3729 1229 3832 Bascardianti
1253 3777 1260 3788 ·

500 3865 502 3869 ’
589 3923 593 3930 .
635 3905 639 3912 ·
704 3889 707 3896 ·
1077 3861 1175 3938 Keza
1209 3923 1221 3938 .
1253 3891 1255 3899 ⁴

193 4047 244 4143 tu
268 4049 332 4146 cu
353 4051 390 4124 1·-
436 4051 481 4144 (ω
503 4051 577 4125 cn.
599 4055 631 4122 ν.
654 4015 681 4127 t
702 4069 732 4116 ε.
760 4072 792 4141 s·
