2738 4304
235 162 287 252 8‘8
435 155 1013 250 &orentiuuvs
1097 213 1104 258 3

184 345 303 414 fluam
318 333 392 406 hoc
421 327 578 406 alienum
596 355 617 406 a
635 331 796 406 moribus
822 322 978 430 Gisela'e,
1004 353 1116 429 quam
1135 351 1277 410 omnen
1351 300 1352 322 Χ

185 451 222 521 s.
247 441 432 541 Stephano
460 441 613 535 marito,
641 443 675 512 S.
703 439 872 511 Emerico
899 435 998 534 filio,
1039 439 1073 510 S.
1099 439 1270 514 Henrico

185 549 295 628 fratre
312 567 387 619 non
410 546 597 646 indignam
615 538 714 620 fuisse
737 545 972 644 praedicant?
999 541 1061 622 Ad
1081 543 1180 617 banc
1201 541 1273 620 dis-

183 649 383 734 ficultatem
403 647 621 724 eludendam
637 647 763 724 frustra
779 649 929 752 quidam
943 654 1128 750 geminam
1148 653 1183 722 S.
1193 655 1272 728 Ste·
1352 666 1353 670 ’

185 761 310 868 phano
337 759 533 858 coniugem
558 757 741 841 tribuunt3
775 755 922 854 quidam
964 760 1042 830 eius
1072 751 1186 828 sorori
1222 752 1277 830 sa·

188 863 290 938 dium
315 865 388 936 hoc
414 858 638 958 adscribunt,
666 881 708 936 vt
730 859 793 934 sub
813 867 922 935 Petro
939 885 1026 964 rege
1047 861 1272 939 videbimus.

184 961 300 1045 ¹Certe
323 973 359 1040 S.
390 969 560 1066 Stephani
592 966 762 1062 consilio,
789 990 865 1042 non
900 965 1037 1044 Giselae
1065 964 1175 1068 dolo,
1203 973 1273 1040 Pe·

138 1127 142 1136 a
186 1095 286 1149 trum
304 1069 458 1148 electum
479 1069 571 1170 else,
596 1069 697 1171 supra
723 1072 890 1146 laudatus
910 1075 1029 1147 codex
1051 1069 1273 1150 Mellicensrs

186 1179 344 1258 testatur.
398 1181 433 1249 V
434 1197 450 1250 t
465 1195 586 1253 tamen
605 1173 739 1277 aliquid
756 1179 934 1254 Turotaio
957 1181 1025 1252 hac
1047 1183 1085 1252 in
1113 1200 1152 1252 re
1171 1175 1274 1254 defe-

190 1306 313 1358 ramus
322 1309 335 1369 ;
362 1287 481 1360 dicere
501 1281 734 1361 verisuniliter
753 1269 957 1386 possumus,
977 1281 1152 1381 Giselam,
1179 1286 1273 1360 cari·

188 1409 264 1468 tate
289 1392 357 1488 viri
384 1407 606 1491 permotam,
633 1391 693 1464 cui
728 1407 873 1466 tantum
907 1391 1149 1470 amittendae.
1170 1391 1273 1468 vitae

177 1491 393 1604 ,periculum
418 1521 439 1569 a
458 1497 656 1570 coniuratis
678 1495 936 1596 impendebat,
963 1519 1003 1570 re
1019 1495 1270 1600 cumquibus-

187 1604 274 1675 dam
301 1603 510 1700 proceribus
534 1601 825 1698 communicata,
860 1625 906 1675 ne
931 1603 999 1677 hac
1023 1602 1272 1702 impunitate,

191 1729 302 1806 quam
335 1733 399 1786 rex
431 1709 577 1782 veniam
612 1709 751 1806 petenti
811 1705 1018 1806 remiserat,
1058 1706 1182 1812 plures
1220 1707 1270 1782 ad

188 1803 582 1924 suscipiendumfimile
609 1811 747 1888 facinus
767 1731 1018 1910 edicerentur,
1041 1795 1127 1900 ,dam
1159 1809 1273 1889 saneti

189 1922 285 2019 regis
312 1918 504 1999 lenitatem·
536 1923 716 2018 corrigere
760 1913 937 2015 voluisse,
987 1904 1273 2021 principemque

118 2115 120 2120 ι
189 2026 486 2120 coniuratorum,
514 2019 736 2125 grauiffimos
753 2019 890 2124 alioqui
910 2007 1089 2110 cruciltus
1106 2047 1275 2103 comme-

187 2131 321 2226 titum,
350 2153 390 2202 ea
410 2152 547 2230 poena,
574 2153 684 2230 quam
707 2130 838 2208 Graeci
853 2115 1081 2230 tyrannidem
1104 2127 1276 2206 affectan-

188 2235 287 2307 tibus
314 2231 446 2310 didlare
472 2233 654 2330 solebant,
690 2255 832 2334 praeter
863 2231 1092 2313 voluntatem
1128 2237 1277 2332 mariti,

188 2336 377 2438 castigasse.
430 2345 507 2438 Re,
534 2359 674 2442 praeter
696 2339 926 2418 voluntatem
952 2339 1076 2446 regis,
1102 2360 1276 2446 patrata,

195 2441 308 2520 friam
326 2449 357 2519 is
379 2471 502 2550 parem
518 2443 637 2522 delidli
657 2449 806 2547 gratiam
826 2449 989 2524 eiusdem
1007 2449 1275 2526 coniurationis

194 2543 254 2620 vel
270 2548 387 2649 locis,
416 2553 475 2626 vel
491 2551 662 2650 consciis,
689 2553 882 2650 Andreae,
907 2552 1040 2654 Belae,
1064 2561 1274 2652 Leuentae,

187 2649 293 2765 lecit,
317 2661 452 2736 veritus
473 2655 632 2756 sortasse,
660 2683 707 2732 ne
732 2660 808 2762 pari
833 2661 871 2736 hi
895 2683 1053 2761 quoque·
1067 2657 1273 2763 supplicio,

167 2763 330 2862 'praeter
346 2762 442 2838 suam
463 2761 691 2842 voluntatem
714 2781 755 2837 ac
780 2767 942 2842 innatam
967 2766 1028 2848 sabi
1055 2765 1276 2871 lenitatem,

147 2971 151 2978 Ι
188 2859 585 2972 afficerentur,fi1gam
611 2873 662 2944 eis
690 2867 836 2950 suadere
855 2871 988 2972 potuit.
1014 2871 1080 2980 ()

266 3075 391 3204 ,ae
422 3052 535 3180 1033.
562 3075 679 3184 nepa.
708 3103 769 3180 33.
796 3078 874 3166 aa.
900 3107 937 3168 ι.
963 3083 1003 3168 n
1030 3108 1095 3184 22,
1122 3085 1178 3170 Α.

282 3275 467 3352 LXXXIII.
492 3276 621 3358 Rursus
646 3299 740 3362 errat
754 3283 972 3384 TurotziuS,
1000 3309 1116 3386 quum
1133 3283 1278 3364 exsules

185 3375 309 3456 fratres
320 3381 359 3454 in
379 3397 542 3462 extremo
559 3389 592 3463 S.
612 3387 786 3484 Stephani
801 3389 930 3466 morbo
947 3387 1073 3494 sugam
1090 3391 1278 3500 arripuisse

184 3481 303 3558 scribit
329 3483 372 3553 ad
395 3487 623 3584 Micislaum‚
651 3493 895 3592 quiquamor
911 3501 1016 3578 annis
1034 3515 1119 3578 ante
1140 3503 1173 3573 S.
1194 3505 1277 3576 Ste-

187 3588 351 3692 phanum
372 3592 471 3668 obiit.
523 3587 673 3669 Illorum
694 3597 805 3696 igitur
829 3593 918 3700 suga
934 3599 1065 3680 differri
1089 3625 1166 3677 non
1186 3627 1279 3708 pot-

189 3687 238 3768 est
262 3688 356 3766 vltra
378 3697 479 3779 hunc
505 3721 641 3773 annum
653 3725 666 3787 3
706 3725 815 3803 nam,
849 3709 1062 3810 priusquam
1095 3731 1194 3792 anno
1220 3709 1276 3792 se-
