2748 4300
212 191 387 282 ωἲ
477 203 948 321 nuunsnsn
1039 153 1046 167 ⁸

129 455 130 458 ,
156 379 410 480 regnandique
435 381 633 481 cupiditate
667 377 805 477 vidlus,
841 364 1093 455 insanientium
1120 369 1237 456 furori

156 485 325 588 refragari
348 509 424 560 non
454 485 643 576 cstausus.
693 489 790 560 Ten
816 509 931 584 vero,
973 490 1088 586 ruptis
1118 484 1237 582 veluti

154 589 353 692 repagulis,
381 593 548 666 homines
574 589 717 686 nelarii,
745 593 842 691 prius
878 595 974 668 Petri
1001 612 1103 665 metu
1129 614 1236 692 coer-

155 698 241 792 citi,
266 694 409 798 soedam
432 697 692 798 tempestatem,
710 721 781 798 qua
799 687 1028 774 funestiorem
1048 702 1237 798 Hungaria

154 825 232 876 uon
253 803 368 904 uidit,
391 805 620 900 ‘excitarunm
646 824 684 876 et
699 892 705 898 ν
720 803 834 878 l'acros
866 805 1077 905 cumprimis
1110 807 1234 900 viros,

120 909 123 918 '
153 929 312 1006 quorum
354 907 465 1007 opera
499 907 629 982 Christi
667 907 754 984 fides
788 913 826 980 in
858 909 1236 1011 Hungariaprimum

153 1009 335 1112 plantata,
362 1015 494 1088 deinde
510 1011 650 1088 firmata
666 1012 760 1111 suit,
786 1013 838 1088 ad*
850 1039 979 1090 necem
995 1007 1233 1092 destinarunt.

152 1121 213 1215 (a)
233 1116 402 1218 Malum,
427 1117 498 1192 illic
522 1119 762 1217 inchoatum,
797 1119 895 1194 breui
931 1139 1049 1194 totam
1082 1123 1234 1218 Hunga·

148 1225 238 1296 aiam
256 1225 436 1296 torrentis
456 1223 563 1297 instar
585 1227 787 1303 inundauit.
853 1227 957 1300 Vnde
996 1247 1072 1326 quo
1115 1227 1234 1326 magis

151 1326 366 1404 accusandus
389 1329 438 1402 est
457 1331 646 1428 Andreas,
674 1335 779 1433 quod
804 1333 1042 1406 conniuentia
1070 1327 1129 1404 sua
1152 1349 1232 1404 tan·

146 1451 271 1524 torum
303 1429 480 1508 malorum
513 1431 764 1538 scaturiginem
797 1432 999 1524 reclusorit3
1039 1457 1085 1508 eo
1112 1437 1232 1536 magis

148 1535 349 1612 laudandus
367 1539 473 1615 estet
493 1541 677 1634 Petruset
697 1545 801 1640 Aba,
827 1542 927 1641 quod
947 1540 1147 1615 constantia
1165 1541 1229 1616 sua

147 1661 222 1718 tam
245 1645 377 1742 impios
406 1665 562 1732 conatus
590 1647 628 1718 in
656 1644 756 1724 sonte
782 1647 1082 1746 praefocauerint.
1132 1651 1229 1721 Non

115 1821 125 1842 ἃ
150 1752 247 1822 enim
268 1747 317 1824 e'st
341 1751 603 1850 dubitandum,
631 1753 728 1824 idem
752 1751 811 1826 sub
845 1752 916 1827 illis
939 1747 1105 1851 'perfidos
1141 1745 1226 1824 illos

147 1851 317 1954 tentasse,
346 1857 448 1957 quod
468 1855 594 1954 serius,
619 1879 760 1958 arrepta
781 1859 849 1934 hac
876 1857 1083 1955 occasione,
1111 1855 1228 1959 perse·

147 1980 288 2036 cerunt.
341 1959 469 2038 Rursus
492 1964 604 2063 igitur
627 1982 796 2064 apparet,
823 1962 952 2038 merito
975 1960 1179 2036 Samuelem
1202 1988 1224 2036 a

32 2135 36 2144 .
146 2069 281 2165 pietate
305 2065 442 2143 didlum
468 2069 611 2156 Abam3
640 2073 771 2142 merito
799 2073 945 2144 Petrum
973 2075 1050 2142 aS.
1078 2069 1230 2166 Stepha-

146 2194 196 2244 no
231 2169 462 2250 successorem
498 2169 711 2250 destinatum
746 2171 855 2248 fuisse.
923 2175 1064 2250 Docuit
1099 2192 1228 2246 autem

146 2297 321 2377 euentus,
366 2277 551 2352 Andream
582 2301 659 2354 non
691 2301 736 2352 ex
767 2283 888 2357 animo
917 2284 1226 2380 Hungarorum⁰a

143 2402 230 2456 vera
257 2383 382 2458 Christi
403 2380 578 2485 religione
607 2379 798 2460 defectioni
811 2381 1026 2479 *conniuiffn
1066 2388 1173 2458 Nam
1186 2403 1244 2482 et,

143 2489 346 2563 Benetham
370 2489 485 2574 fauori
512 2487 745 2566 saeuientium
768 2494 918 2591 eripuit,
945 2511 1007 2588 et,
1041 2490 1225 2592 quampri-

144 2614 246 2666 mum
266 2587 585 2694 potentiamsuam
598 2593 776 2692 firmauit,
804 2591 1049 2698 grauillimum
1065 2591 1225 2670 edietum

142 2696 266 2794 dedit,
293 2719 369 2801 quo
396 2699 650 2800 superstitiosus
676 2704 829 2776 deorum
856 2699 984 2776 cultus‘
1003 2697 1225 2808 abolebatur.

142 2794 256 2878 Nullo
281 2825 404 2880 tamen
427 2827 645 2906 argumento
673 2805 754 2880 satis
782 2805 939 2883 excusari
959 2804 1099 2909 potest,
1119 2805 1225 2905 quod

140 2909 247 2984 initio
271 2915 447 2986 maiorem
470 2909 527 2986 seu
546 2913 665 3008 vitae,
692 2909 750 2985 seu
775 2935 931 2988 coronae
953 2916 1132 2987 rationem
1163 2913 1228 2982 ha-

103 3032 115 3042 ·’
142 3013 296 3090 bendam
323 3017 498 3116 duxerit,
523 3041 634 3116 quam
661 3033 703 3092 vt
735 3014 941 3092 alterutram
954 3077 967 3120 ,
1003 3013 1063 3095 vel
1090 3017 1227 3090 vtram-

140 3141 213 3217 que
238 3145 321 3222 prae
340 3124 518 3227 religione
541 3119 733 3224 periclitari
755 3120 922 3201 voluerit.
952 3120 1015 3223 (b)

234 3335 324 3409 CIX.
352 3341 476 3414 fluum
501 3339 649 3440 quidam
675 3339 882 3438 Hungariae
912 3333 1086 3438 praesules
1112 3335 1220 3412 intel·

136 3437 317 3536 lexissent,
345 3443 530 3518 Andream
555 3462 591 3516 et
611 3447 813 3526 Leuentam
826 3446 864 3518 in
885 3445 1107 3546 Hungariam
1125 3448 1222 3546 acci·

136 3565 197 3620 tos
215 3569 256 3620 ac
282 3548 462 3647 principes
494 3549 764 3648 inaugurandos
792 3546 858 3624 else
871 3576 884 3638 5
911 3573 980 3646 ne,
1007 3547 1029 3624 fi
1064 3547 1098 3623 se
1133 3552 1222 3623 huic

134 3647 364 3726 sollemnitati
384 3651 646 3750 subducerent,
673 3655 858 3754 grauiores
878 3657 1084 3757 principum
1106 3673 1143 3728 et
1155 3679 1227 3754 po·

1065 3759 1167 3861 pula-

176 3983 223 4068 (α)
247 3981 293 4044 ld.
307 3981 349 4042 ib.
361 3998 390 4044 et
407 3983 509 4066 Biogt.
528 3985 603 4050 Get.
620 3957 756 4090 ‘sPffW‘
800 3985 845 4070 (l)
869 3953 943 4058 llil·
957 3991 1033 4062 Crit-
1063 3989 1101 4052 Τ.
1119 3989 1163 4052 11.
1186 3941 1218 4077 pl

232 4087 366 4147 11-15·
