2800 4304
232 159 309 246 me
452 105 975 232 couomauvt

181 326 275 404 iiam
287 383 299 422 ‚
330 345 577 402 excaecaverat
586 351 603 420 ,·
629 327 724 431 enisa
748 353 788 406 ece
816 355 863 406 ex
894 331 943 408 cir¹
966 327 1169 435 quemdam,
1203 359 1264 414 rca-

181 439 275 512 mine
293 429 539 529 Benediiitcm,
557 467 609 488 -·
625 449 729 534 appre
768 433 870 512 ridere
896 435 1038 536 dacem,
1078 461 1122 514 ne
1135 441 1261 540 farte,

178 560 313 617 martae
339 563 439 645 rege,
465 533 533 638 ipse
563 541 595 614 ci
607 535 818 640 stcacca'erec.
852 575 907 602 ···
936 541 1122 645 Quaernqace
1152 546 1260 624 Berec-

179 643 292 725 dieas
311 639 501 750 receffiffet,
526 643 602 720 iux
629 666 712 725 arec
740 643 978 748 monasteriae:
985 643 1151 746 sedebat,
1163 651 1265 751 plan-

177 775 267 862 geres
281 749 636 850 dalaremprapeium:
663 757 725 854 qui
738 777 844 857 queem
868 750 1037 860 audcffct,
1065 752 1157 858 quad
1171 761 1264 859 equi·

176 877 235 936 tes
251 854 468 960 fistietanter
490 852 683 960 veniffent5
703 852 893 958 praesinste
920 865 1058 956 anino,
1074 856 1151 959 fiir·
1171 867 1263 960 peri·

177 961 293 1041 aulaea
316 968 519 1040 imminere.-
546 961 681 1060 erfecit
688 955 733 1058 se
752 961 930 1043 introduci
946 969 984 1040 in
996 959 1261 1148 maffeium:

178 1089 215 1145 er
241 1066 382 1148 tenebat
406 1063 568 1144 ratribus
595 1061 709 1143 altare
734 1065 771 1144 S.
793 1065 1023 1176 Margaritae
1086 1123 1098 1144 .
1125 1091 1167 1146 vt
1186 1067 1262 1170 fiel·

176 1193 248 1252 tem
266 1191 332 1273 pra
358 1176 551 1254 reuerentia
575 1167 677 1246 DEI
696 1191 730 1248 et
740 1166 944 1274 finiiarecm
969 1179 1059 1271 eius,
1087 1200 1161 1250 eum
1178 1175 1260 1252 inde

178 1273 375 1376 abstrahere
400 1303 468 1356 nan
485 1272 754 1380 praeficmcrene.
792 1281 967 1384 Tentauit
994 1299 1119 1358 tamen
1144 1285 1261 1358 Bene·

177 1380 295 1457 disius
322 1379 381 1459 ille
412 1385 498 1470 hinc
527 1387 635 1460 etiam
663 1385 796 1459 ducem
830 1381 1046 1474 abſtrahere3
1072 1385 1132 1461 sed
1163 1410 1184 1460 a
1214 1385 1260 1461 sa·

104 1553 113 1592 ,
178 1491 385 1565 cerdotibus
416 1493 562 1566 territus
586 1510 623 1564 et
642 1486 807 1592 fugante,
835 1490 917 1569 deam
930 1487 1147 1593 festinanter
1162 1497 1255 1596 eqrci-

55 1693 58 1700 *
172 1614 270 1674 taret
286 1613 349 1698 per
368 1593 499 1696 stiuam
524 1590 623 1696 Pelys
635 1622 654 1690 ,·
698 1595 823 1676 cecidit
849 1597 889 1674 de
915 1622 1018 1702 equo:
1060 1620 1096 1676 ee
1125 1603 1256 1673 ceruice

163 1701 293 1802 fraiia
305 1756 318 1799 ‚
345 1721 500 1780 martures
527 1697 596 1802 est.-
625 1723 660 1777 ee
685 1699 799 1780 carcer*
812 1707 905 1798 eius,
941 1709 1002 1806 qui
1017 1696 1262 1808 sequebantur.

173 1801 284 1906 ipficm
295 1865 307 1904 ‚
326 1805 581 1887 *deuerauerecae
602 1829 722 1890 carnes
745 1811 815 1884 eires
830 1829 864 1885 er
881 1804 960 1916 ⁰ffi²
1015 1813 1069 1884 Ita
1099 1809 1257 1886 debitam

176 1907 360 1986 malesanis
380 1912 534 1988 consiliis
558 1911 627 2002 suia
649 1935 833 2014 poenam,
861 1916 925 2013 qui
949 1911 1193 1989 Colomanum
1210 1911 1258 1986 ad

93 2080 98 2090 .
174 2013 436 2118 sanguinariam
461 2021 555 2094 hanc
583 2016 798 2094 sententiam
822 2016 1042 2118 impulerat,
1069 2042 1111 2094 ac
1130 2039 1258 2105 manus

176 2123 286 2196 etiam
313 2124 359 2197 ad
382 2146 461 2198 eam
483 2120 752 2226 exsequendam
774 2122 982 2224 obtulerat,·
1002 2128 1153 2227 recepit.
1172 2123 1234 2220 (a)

97 2402 124 2422 .
274 2339 465 2421 cxcvut
498 2343 576 2444 lpse
610 2353 759 2445 quoque
794 2339 1037 2438 colomanus,
1079 2337 1258 2438 imperitia

73 2525 76 2530 .
174 2448 309 2522 medici
344 2453 524 2554 Draconis
563 2451 608 2526 ad
648 2469 807 2525 extrema
841 2441 1037 2542 dedusmt,
1064 2441 1257 2544 postquam

177 2549 253 2627 filio
278 2552 342 2630 suo
365 2552 491 2632 solium
519 2553 661 2634 firmare
690 2556 809 2633 modis
835 2553 1005 2628 omnibus
1035 2550 1260 2642 conabatur,

147 2652 222 2733 'ex
241 2659 310 2744 hac
337 2663 411 2735 vita
437 2660 662 2761 demigrauit.
717 2653 793 2760 Post
817 2655 899 2736 staec
925 2679 1067 2753 arcem,
1096 2655 1260 2730 eiusdem

174 2765 341 2839 Turotzii
365 2767 475 2842 verba
502 2761 608 2863 sunt,
635 2763 701 2842 r'ex
723 2768 833 2866 caepit
856 2784 1060 2872 aegrotaret
1100 2780 1134 2839 et
1156 2753 1263 2834 itabe-

172 2865 238 2950 bae
265 2869 446 2977 quemdam
469 2869 639 2948 medicum
665 2868 858 2964 Latinam,
885 2875 1021 2945 nornine
1042 2861 1256 2958 Draconem,

131 3055 137 3070 ¹
174 2979 231 3052 aar·
260 2981 408 3058 nimium
438 2971 610 3052 credebat.
665 2972 740 3052 Hic
768 2969 926 3076 appaſscit
960 2969 1176 3150 emplaliracm
1196 2963 1261 3070 fic·
1308 3055 1322 3078 e

165 3097 233 3185 per
257 3105 358 3158 aceres
382 3087 500 3189 regis,
538 3083 599 3184 qeci
617 3105 663 3156 eac
683 3087 813 3183 capitis
830 3077 940 3155 dolare
968 3101 1057 3182 urge
1080 3097 1185 3152 arur.-
1227 3093 1263 3148 et

92 3215 97 3224 ·
161 3203 229 3289 per
255 3191 489 3264 concauitates
517 3189 654 3265 acceium
684 3191 740 3269 vic
778 3179 952 3286 emplastri
989 3206 1058 3258 nore
1090 3175 1261 3262 modicam

171 3297 339 3372 extraxit
362 3309 505 3392 partem
530 3285 662 3367 cerebri
687 3296 771 3368 cias.
798 3323 852 3352 -
892 3293 946 3360 Ita
972 3300 1163 3378 mortuus,
1209 3303 1260 3358 re·

167 3397 321 3502 grauia,
347 3415 390 3471 vt
417 3398 613 3475 Turotzius
640 3397 775 3494 habet,
801 3395 906 3468 anais
932 3411 994 3486 ας.
1026 3384 1195 3488 merafibrcs
1221 3397 1258 3470 6.

165 3499 290 3580 diebus
316 3525 349 3602 ς.
374 3527 466 3586 cana
499 3501 591 3578 dom.
625 3521 739 3594 1114.
770 3502 874 3578 tertia
907 3519 1016 3574 nanas
1047 3491 1258 3592 Februarii,

153 3607 257 3706 feria
283 3629 318 3703 ς.
336 3608 515 3713 migrauit
534 3629 581 3680 ex
604 3597 666 3679 scae
677 3603 805 3704 secula.
861 3605 1001 3678 Orrmes
1021 3604 1089 3688 hae
1117 3619 1260 3698 tempo·
1315 3605 1324 3616 “
1391 3677 1393 3680 ,

166 3711 216 3786 tis
230 3727 344 3785 notae
367 3711 460 3788 bene
473 3727 698 3809 congruunt.
752 3715 876 3792 fluum
900 3711 999 3792 euim
1027 3731 1123 3784 anno
1145 3721 1259 3802 1114.

1110 3809 1208 3886 litte·

205 4025 862 4134 wmmfflmwmm
