2748 4300
447 198 589 272 nux
641 203 780 278 v111.
1043 225 1117 303 193

81 364 259 466 uulnera,
285 389 349 468 per
376 363 567 444 intestinos
589 367 650 444 sub
680 363 920 444 decessoribus
953 369 1020 445 suis
1045 393 1173 448 motus

82 491 261 572 accepta,
289 495 455 570 curaret,
480 477 664 574 nouisque
695 473 845 549 subsidiis
884 474 1083 576 neglesiam
1120 483 1174 552 in»
1275 471 1280 478 ’

80 603 141 654 ter
170 583 355 652 armorum
378 579 545 679 strepitus
575 578 796 680 disciplinam
819 579 985 654 firmaret.
1053 583 1143 682 lpsur

82 673 215 760 autem
239 680 398 758 sandium
417 699 544 786 regem
567 689 624 760 his
649 683 1060 785 comitiis-praesedisse,
1082 692 1171 764 haec
1227 765 1228 772 χ
1279 743 1283 752 ·

83 787 267 892 praefatio
291 791 423 864 docet:
452 795 517 888 (a)
544 797 760 892 „Regnante
785 813 946 866 creatore
964 812 1002 864 et
1027 793 1174 868 saluato-

80 948 105 990 „
135 920 178 969 re
198 899 246 969 D.
266 901 315 970 N.
326 902 353 970 I.
365 897 406 970 C.
423 919 520 970 anno
536 899 795 972 incarnationis
817 900 893 970 eius
910 899 1062 972 MXCII.
1078 897 1174 974 XIII.

6 1003 8 1030 l
78 1049 104 1086 „
133 997 216 1075 Kal
235 1004 361 1097 Iunii,
407 1003 444 1073 in
478 998 624 1075 ciuitate
656 999 835 1075 Szabolch
870 1000 985 1076 l'ansla
1015 1003 1173 1106 synodus

81 1155 105 1190 ,‚
136 1107 265 1180 habita
290 1105 365 1200 est,
391 1107 611 1204 praefidente
631 1102 922 1185 Christianislimo
939 1112 1171 1209 Vngarorum

82 1260 108 1304 „
137 1235 228 1312 rege
249 1211 439 1306 Ladislao,
469 1236 555 1286 cum
584 1214 754 1288 uniuersis
780 1215 885 1314 regni
914 1212 965 1286 sui
991 1215 1172 1314 pontifici-

6 1373 8 1422 ,
80 1365 106 1400 „
139 1315 210 1390 bus
239 1341 277 1390 et
305 1317 516 1414 abbatibus,
544 1341 712 1394 necnon
737 1315 880 1391 cuncus
908 1321 1170 1422 optimatibus,
1257 1389 1263 1398 .

6 1467 7 1470 =
80 1479 106 1513 ,‚
139 1445 232 1524 cum,
256 1422 462 1496 testimonio
487 1425 600 1497 totius
631 1421 718 1496 cleri
746 1439 783 1496 et
805 1420 976 1523 populi⁴⁸
1005 1419 1172 1524 Seq‘uun-

6 1507 9 1628 Ι
84 1547 149 1601 tur
176 1547 241 1623 42.
268 1533 402 1628 capita,
431 1529 564 1628 quibus
592 1527 711 1628 leges,
735 1531 798 1602 hic
815 1529 1005 1604 communi
1023 1529 1171 1612 consen-

80 1631 121 1706 su
147 1631 324 1731 sancitae,
353 1637 739 1732 comprehenduntur,
766 1637 840 1708 hoc
865 1637 1013 1712 ordine:
1047 1639 1170 1736 Caput

76 1743 106 1812 Ι.
141 1735 204 1814 De
232 1737 387 1844 bigamis
408 1737 624 1842 presbyteris
650 1760 683 1814 et
709 1741 875 1815 diaconis.
941 1742 1083 1838 Bigami
1109 1745 1171 1817 hie
1254 1841 1257 1846 Ι

77 1869 161 1920 non
194 1845 469 1947 intelliguntur,
513 1847 575 1946 qui
610 1846 700 1918 duas
734 1841 836 1918 srmul
869 1866 1001 1918 vxores
1037 1847 1172 1922 habue-

73 1953 156 2023 rint
163 1977 177 2038 ‚-
207 1951 265 2024 sed
287 1956 374 2051 qui,-
402 1939 525 2050 primiS
550 1945 751 2047 desunsiis,
789 1949 964 2024 secundas
991 1952 1171 2031 duxerint.
1258 1965 1264 1976 “

75 2059 179 2152 His,
224 2077 261 2131 et
287 2059 477 2132 viduarum
504 2080 547 2130 ac
577 2057 847 2156 repudiatarum
873 2057 1028 2155 maritis,
1064 2061 1170 2134 nu'm-

73 2187 193 2261 quam
231 2165 494 2259 diaconatum,
521 2163 824 2262 presbyteratum,
864 2163 1000 2236 nedum
1033 2162 1169 2264 episco-

75 2287 232 2366 patum,
258 2267 429 2367 susprere
447 2269 562 2342 licuit.
620 2270 727 2342 Vnde
745 2293 860 2368 quum
877 2271 910 2342 S.
929 2267 1073 2362 Paullus
1088 2267 1167 2343 scri·

76 2375 159 2447 bit:
211 2373 356 2476 Oportet
385 2401 466 2483 ergo
504 2367 691 2475 episcopum
725 2369 918 2476 irreprelen
934 2373 1050 2450 zbr‘lem
1084 2373 1167 2480 effe,

74 2486 188 2556 vuius
204 2485 329 2564 uxoris
345 2485 461 2556 virum
477 2509 495 2574 ,·
521 2477 608 2576 'telle
625 2485 656 2552 S.
675 2477 958 2579 Chrysostomo,
977 2503 1052 2554 non
1071 2505 1169 2580 prae-

75 2589 196 2686 cipit,
224 2583 478 2686 vt.episcopus
501 2595 789 2660 vnam'vxorcm
819 2585 952 2658 habeat
960 2611 973 2671 5
1001 2585 1057 2658 sed
1083 2609 1167 2683 pro·

74 2693 186 2764 hibet
210 2685 314 2764 illum
341 2689 446 2791 eligi,
489 2693 553 2791 qui
579 2687 698 2790 plures
725 2689 870 2774 habuit3
914 2693 1091 2789 permittit
1115 2709 1166 2764 ta-

74 2819 173 2870 men
195 2791 298 2868 illum
328 2799 509 2893 ordinari,
551 2799 616 2896 qui
646 2815 789 2868 tantum
816 2818 925 2869 vnum
954 2797 1082 2870 habuit
1107 2793 1165 2869 vel

72 2903 217 2998 habet,
256 2877 528 3000 a'qua⁸tamen
565 2897 644 3000 post
679 2902 947 2974 ordinationem
985 2897 1167 2974 abstineat.

71 3011 174 3108 Cap.
200 3009 246 3080 II.
274 3003 333 3080 De
353 3002 428 3104 lis,
457 3013 517 3112 qui
533 3005 697 3082 ancillam
717 3011 755 3079 in
772 3003 880 3078 locum
890 2999 1168 3112 fierrogauerint
1270 3027 1278 3056 ⁸

70 3117 210 3190 uxoris
222 3137 241 3204 ,·
267 3113 400 3214 quibus
415 3137 533 3212 poena
558 3110 781 3185 venditionis
798 3111 1000 3207 imponitur
1007 3136 1021 3196 3
1049 3133 1166 3211 quum

66 3241 288 3318 numquam
305 3219 343 3290 in
368 3216 535 3313 ecclesa,
561 3215 633 3290 srue
657 3217 817 3309 Graeca,
834 3212 904 3286 fine
919 3217 1067 3312 Latina,
1083 3215 1164 3316 post

65 3321 261 3422 susceptos
287 3323 433 3397 ordines
463 3321 606 3420 sacros,
649 3343 789 3394 nouum
816 3321 909 3408 inire¹
937 3323 1163 3396 connubium

69 3427 238 3507 licuerit.
292 3431 379 3528 Cap.
402 3431 465 3504 111.
492 3427 550 3504 De
572 3425 811 3532 indulgentia,
839 3425 889 3500 ad
908 3447 1042 3529 tempus
1055 3430 1163 3526 falia

49 3531 312 3638 presbyteris,
339 3555 382 3610 vt
408 3559 485 3610 cum
513 3529 683 3609 uxoribus
705 3552 881 3608 diamant.
950 3534 1164 3632 Vsquedum

57 3639 174 3718 sedes
195 3633 395 3742 apostolica
421 3638 586 3716 consulta
605 3633 739 3734 fuisset,
768 3661 862 3738 quae
889 3641 1165 3819 conniuendpm

478 3761 480 3764 ·
1067 3769 1087 3818 a
1157 3809 1160 3816 .
