2800 4304
227 211 319 288 an
469 167 993 320 ebronauto

47 447 49 456 Ι
187 413 212 456 ,,
242 379 405 436 aeternae
440 361 573 464 gloriae
601 361 795 438 subditatis
822 333 937 465 grbtia
963 361 1191 463 perfuderat,
1231 379 1271 434 et

186 523 212 564 „
239 465 379 540 illustris
405 471 473 544 uiri
497 471 711 564 Laurentii,
763 469 1012 570 strigoniensis
1038 460 1281 564 archiepisco

107 573 109 578 ’
186 617 212 658 „
239 574 298 672 pi,
326 578 388 626 -³
416 597 530 674 quum
561 599 639 675 ego
679 567 910 650 Godosredus
935 615 988 636 ·-
1013 565 1267 672 requisruissem

187 723 211 763 ‚,
243 675 508 776 Golomanum,
555 703 679 780 regem
712 675 1031 756 viuoriosrfflmum
1039 704 1052 764 3
1077 716 1129 736 --
1147 693 1265 752 'tunc

187 820 213 864 η
238 805 328 856 vero
358 807 445 882 rex,
476 784 602 884 plenus
631 790 764 886 gratia,
791 827 843 848 -
870 780 1090 862 venerabiles
1106 784 1206 856 virm
1221 781 1264 856 in'

185 933 212 976 ,‚
237 883 425 986 pristaldos
447 893 536 964 mihi
562 889 812 989 constituens,
837 933 891 954 -
916 893 1091 984 terminos
1115 881 1269 964 cundo·

184 1044 213 1084 ‚,
236 1015 318 1068 rum
343 996 572 1092 praediorum
595 999 629 1070 S.
656 994 795 1098 Ypoliti
822 1020 885 1096 per
906 995 997 1096 ipsos
1015 994 1140 1096 stgnari
1164 1013 1288 1090 prae-¹

181 1101 212 1189 ',‚
239 1099 347 1196 cepit.
373 1107 450 1156 -‘¹
503 1099 726 1200 subscriptae
744 1103 818 1194 ‘hae
844 1104 1017 1202 temporis
1036 1118 1167 1174 notae:
1202 1119 1266 1170 an·

79 1196 82 1208 ’
184 1225 229 1303 no
247 1199 438 1278 -MCXIII,
465 1227 684 1284 concurrente
713 1205 795 1286 VII.
821 1210 937 1308 opalia
970 1203 1032 1282 XI.
1055 1199 1194 1304 prorsus
1210 1201 1264 1274 in·
1382 1208 1388 1216 '

184 1321 242 1377 ter
265 1307 298 1380 se
324 1307 540 1386 discordant.
605 1313 848 1387 concurrenti
875 1315 956 1387 Vll.
979 1307 1172 1410 respondet
1200 1305 1263 1380 hic

128 1503 130 1508 ι
186 1433 301 1486 annus
327 1421 438 1492 1106.
463 1440 538 1516 quo
563 1415 767 1494 credibilius
791 1414 843 1492 est
864 1419 989 1492 datum
1016 1411 1084 1490 esse
1113 1413 1186 1486 hoe
1211 1411 1264 1484 di·
1389 1449 1390 1454 =

172 1513 328 1616 pluma,
356 1543 466 1620 quam
496 1543 593 1597 anno
621 1533 738 1617 1113.¹
764 1547 840 1623 quo
870 1549 938 1600 nec
961 1517 1113 1597 Paullus
1153 1511 1262 1590 Colo·

183 1621 320 1718 censrt,
348 1647 416 1700 nec
433 1629 615 1730 Georgius
632 1630 834 1704 ladertinus
852 1627 1007 1728 episcopi
1022 1621 1143 1700 fueret
1168 1643 1264 1720 quos

184 1748 270 1828 cum
302 1729 450 1829 reliquis
483 1736 533 1808 ita
567 1735 638 1808 hoc
675 1753 958 1809 monumentum
991 1725 1170 1806 recenset:
1206 1722 1259 1798 D.

185 1831 345 1933 Paullus,
367 1836 517 1914 Coloten.
534 1837 590 1914 D..
603 1837 742 1938 Simon,
763 1836 1090 1944 Quinqueecclesua.
1115 1829 1167 1906 D·
1184 1827 1261 1914 Vol.-

176 1939 303 2039 ferus‚
330 1941 487 2048 Agrion.
518 1941 571 2019 D.
596 1943 743 2042 Simon,
775 1941 1032 2047 Vltrafiluauus
1042 1969 1058 2035 ;
1086 1936 1136 2013 D.
1160 1933 1260 2012 Mat·

144 2101 149 2115 .
185 2038 325 2144 meus,
360 2042 583 2148 Vesprimien.
608 2047 659 2126 D.
673 2047 881 2145 Marcellus,
915 2047 1054 2128 neten.
1082 2044 1132 2119 D.
1152 2041 1260 2118 Geor·
1296 2136 1300 2144 Ι

53 2182 70 2200 ‘-
122 2152 125 2160 '
184 2152 288 2254 gius,
309 2151 474 2228 Gratim.
496 2152 552 2231 Ἠ.
579 2154 728 2252 Sixtus,
744 2151 937 2240 ¹Varudion.
962 2155 1014 2230 D.
1026 2147 1261 2244 Laurentius,

189 2249 394 2332 menalion.
437 2259 489 2336 D.
521 2259 720 2364 Georgius,
756 2257 954 2338 Iadertiuus
964 2287 980 2352 ;
1034 2252 1259 2348 F'ellcianm,
1390 2289 1391 2296 ¹

176 2357 392 2460 praepostus
421 2361 551 2441 Alban.
589 2359 783 2464 Rolertus,
823 2365 899 2444 Sari
925 2373 1033 2441 anien.
1062 2359 1103 2434 de
1127 2363 1263 2434 comui·

185 2461 253 2540 lus
280 2464 445 2562 bannos,
482 2471 662 2568 palatinus
696 2494 804 2550 comer
814 2497 832 2564 5
878 2394 980 2562 Sgoul,
1017 2465 1057 2542 de
1090 2455 1260 2564 Bysslffl'o‘

185 2567 323 2672 Queltd
340 2571 382 2647 dc
405 2569 549 2670 Boclre5
583 2574 749 2673 liburnas,
779 2573 907 2656 Alban.
943 2567 1174 2662 Theobaldus,
1202 2565 1260 2644 Se·

172 2670 352 2780 -migir'eu
378 2666 596 2782 Mercurius,
615 2689 780 2785 principa
803 2677 1066 2782 Wrrafilunuus.
1118 2675 1170 2748 Ex
1191 2674 1261 2747 his-

185 2801 228 2852 te
243 2779 386 2856 ‘tabulis
411 2809 581 2886 apparet,
627 2787 783 2890 maligne
806 2791 893 2884 vitia
920 2787 1097 2886 quaedam
1125 2803 1145 2850 a
1170 2801 1263 2852 non-

185 2882 293 2959 nullis
319 2885 549 2992 scriptoribus
570 2896 717 2998 appingi
736 2892 970 2987 Colomano,
997 2901 1108 2992 quem
1135 2885 1262 2959 Godo·

100 3085 105 3100 Ι
149 3017 151 3026 ’
181 2987 304 3065 fredus
331 2996 457 3092 abbat,
485 2999 548 3098 qui
579 3023 700 3074 mores
725 3001 802 3073 eius
833 2995 1172 3098 optimecognitos
1204 2991 1265 3064 ha·
1356 3029 1361 3044 ·

116 3100 118 3104 ’
188 3096 345 3195 buerat,
371 3105 484 3176 tantis
509 3097 674 3178 laudibus
702 3122 819 3179 ornat.
887 3107 968 3176 Nec
1004 3095 1124 3200 potest
1150 3089 1261 3192 suspe-

185 3195 286 3274 uum
312 3205 433 3296 haberi
464 3207 536 3282 hoc
567 3207 810 3284 testimonium
858 3227 1044 3308 tamquam
1072 3202 1117 3274 ab
1146 3193 1262 3270 adula-

185 3305 311 3408 tione,
337 3307 516 3410 superstite
546 3337 658 3416 rege,
698 3265 910 3412 prosedum.
964 3311 1064 3383 Sic'ut
1089 3304 1185 3377 enim
1199 3301 1263 3396 ,st
1369 3401 1373 3408 ι

186 3409 412 3488 Colomanus
441 3413 575 3518 nullam
602 3415 790 3493 vicloriam
807 3411 1000 3510 retulisset,
1025 3407 1082 3484 sed
1100 3404 1264 3482 cladibus

186 3519 308 3614 potius
334 3523 497 3615 attritus,
526 3545 571 3596 ex
592 3521 771 3596 Dalmatia
800 3515 1006 3616 rediuisset,
1024 3541 1108 3590 -non
1136 3509 1259 3608 laudi,

184 3619 245 3695 sed
270 3627 440 3699 dedecori
468 3626 530 3702 fibi
559 3623 739 3723 vertisset,
786 3623 1086 3728 uilioriostfflmum
1115 3615 1267 3721 appella·

184 3727 216 3798 ri
224 3751 237 3812 ;
263 3729 336 3822 ita,
362 3725 385 3798 st
409 3728 599 3806 sceleratus
623 3750 661 3804 et
684 3733 801 3830 palam
828 3734 963 3834 itnpius
988 3725 1124 3822 suffer,
1150 3728 1265 3828 apie-

187 3847 262 3912 tote
286 3827 423 3906 laudari
450 3835 519 3910 sme
542 3837 721 3913 dedecore
746 3856 825 3916 non
850 3835 1029 3942 potuisset.
1054 3837 1115 3927 (a)
