2754 4306
278 107 354 204 3&
555 105 983 194 EMERICVS

222 325 246 372 ,‚
274 275 631 378 Hierosolymam,
674 275 763 354 ficut
794 293 840 354 ex
861 275 967 357 ⁴voto
1006 288 1160 385 teneris,
1186 303 1299 393 regno

222 447 246 482 ‚,
274 409 440 488 pergeres
455 385 651 484 impacato
668 425 718 444 -
732 393 755 430 ‘⁸
783 389 962 488 Praecipit
969 390 1086 491 igitur
1096 439 1110 490 ,
1122 405 1186 482 ,ne
1201 401 1296 496 prins

217 503 286 572 iter
315 494 480 594 arripiat,
506 515 612 595 quam
644 513 790 598 regnum
815 489 926 596 ipsttm
947 497 1073 596 fiterit
1102 502 1297 606 tranquilli·

157 595 160 602 ’
220 603 291 680 tati
306 597 478 700 pristinae
503 591 711 696 restiturum.
766 600 868 672 Idem
906 601 952 674 ad
983 605 1140 680 Emerici
1169 630 1293 706 preces

88 768 93 786 ,
217 702 377 814 palatino
398 703 551 778 Mozoni
572 709 599 800 ‘(
608 701 784 810 Magoni)
810 705 866 778 his
894 699 1019 788 litteris
1036 707 1206 786 induifit‘:
1225 715 1287 807 (a)

217 875 240 912 η
268 807 477 912 Significasti
496 807 622 904 nobis,
650 810 753 906 quod
777 892 779 900 ¹
804 833 894 884 uum
909 813 1075 888 nondum
1100 815 1292 915 prorsusin

215 939 383 1018 „regno
415 915 592 1015 Vngariae
628 909 737 987 fuen't
769 835 886 990 {data
918 911 1067 1006 seditio:
1094 953 1148 980 *-
1172 919 1291 1000 dileffi

213 1081 239 1126 „
267 1021 328 1098 filii
352 1026 401 1094 N.
427 1019 575 1094 comitis
599 1019 771 1096 Mozonis
799 1039 837 1096 et
860 1027 1103 1128 quommdam
1121 1023 1289 1128 aliorum,

212 1183 237 1228 „
267 1131 331 1229 qui
362 1129 407 1200 ad
446 1123 656 1200 visrtandam
690 1142 824 1202 terram
856 1130 1055 1204 natiuitatis
1084 1132 1288 1212 dominicae

210 1241 236 1332 ,3
264 1255 412 1308 trucem
443 1229 504 1305 fibi
527 1230 751 1306 dominicam
777 1227 989 1332 affixerunt,
1016 1233 1164 1316 consilio
1196 1243 1286 1318 indi-

209 1393 234 1437 „
261 1361 324 1439 ges
332 1363 346 1425 ς
372 1339 492 1411 donec
514 1337 580 1408 tibi
603 1355 642 1409 et
664 1358 779 1438 regno
807 1357 876 1414 tuo
909 1338 1018 1440 plena
1054 1339 1166 1418 fuerit
1198 1369 1287 1421 con·

208 1495 233 1542 „
261 1445 383 1520 cordia
397 1439 577 1532 restituta.
602 1433 688 1500 --“¹
744 1443 837 1518 Hine
862 1465 1034 1546 apparet,
1061 1446 1197 1525 multoe
1223 1475 1283 1528 ex·

192 1548 328 1652 'emplo
343 1545 449 1624 Belae
470 1543 564 1649 regis
587 1549 857 1645 expeditionem
882 1551 1012 1626 sacram
1033 1551 1191 1630 vonisse:
1208 1577 1281 1660 qua

205 1657 354 1768 quidem
380 1651 602 1758 obligatione
623 1651 786 1752 pontifex
802 1657 989 1732 Andream
1011 1661 1103 1736 adeo
1122 1683 1201 1734 non
1214 1661 1283 1746 soh
1355 1743 1356 1752 p

202 1769 285 1861 uit,
311 1785 354 1840 vt
390 1766 516 1861 potius
542 1759 587 1832 a'd
613 1755 833 1858 explendum
863 1767 973 1864 patris
997 1779 1128 1839 votnm
1154 1769 1211 1846 bis
1236 1771 1276 1843 il·
1355 1757 1356 1778 ¹

200 1867 278 1946 lum
297 1869 425 1944 litteris
451 1867 702 1942 admonuerit:
731 1863 792 1965 (b)
820 1865 980 1960 „Nobili
999 1874 1078 1960 viro
1099 1877 1148 1946 A.
1172 1875 1272 1952 duci.

199 2023 225 2066 ,‚
252 2015 304 2036 -
328 2010 384 2038 ...-
417 1977 540 2046 Ouum
569 1965 713 2046 inclitae
739 1976 879 2046 record.
903 1968 952 2074 B.
989 1979 1178 2077 quondam
1208 2004 1273 2058 rex

198 2129 224 2177 „
253 2085 452 2185 vngariae,
493 2093 595 2177 pater
617 2079 756 2182 tuus,'¹
773 2079 897 2178 ageret
928 2081 981 2164 in,
1001 2081 1193 2186 extremior
1219 2127 1273 2144 -

196 2243 222 2282 „
248 2209 402 2286 votum,
430 2199 507 2282 quo
537 2200 692 2256 nouerat
722 2183 878 2258 domino
911 2183 1277 2288 Hierosolymitanam

65 2275 69 2282 ’
195 2295 474 2391 „prouinciam
500 2291 537 2361 in
561 2285 646 2359 forti
676 2309 790 2362 manu
816 2307 854 2365 et
881 2291 1026 2366 brachio
1057 2311 1205 2370 extento
1220 2334 1277 2354 -

73 2421 78 2436 ·
194 2445 218 2484 „
248 2395 404 2495 vibrare,
432 2393 493 2468 sub
530 2390 827 2470 interminatione
861 2392 1122 2476 maledictionis
1159 2417 1278 2500 pater·

103 2539 105 2545 ·
192 2551 218 2592 „
247 2527 339 2598 nae,
367 2497 547 2580 commifit
573 2515 657 2573 tuae
684 2495 769 2574 fidei
802 2499 1093 2604 exsequendum:
1139 2523 1177 2580 et
1207 2523 1276 2604 tu,

191 2611 215 2702 '0
243 2605 438 2698 intelledia,
454 2607 519 2710 'pia
543 2603 734 2681 voluntate
765 2611 944 2706 parentis,
971 2605 1122 2686 assumto
1153 2615 1276 2689 crucis

189 2745 213 2803 ‚3
242 2717 447 2817 fignaculo‚
473 2733 510 2787 te
534 2713 571 2786 id
596 2711 832 2810 impleturum
855 2711 926 2790 fine
952 2713 1125 2792 dilatione
1157 2717 1277 2818 quaii-

186 2871 212 2914 „
244 2823 305 2896 bet
329 2815 524 2924 promisisti
577 2817 733 2914 Verum,
760 2819 891 2894 eodem
908 2839 1012 2921 patre
1037 2839 1103 2896 tuo
1129 2819 1276 2900 sublato
1354 2875 1355 2886 r

187 2987 212 3024 „
239 2929 286 3001 de
312 2929 466 3024 medio,
491 2936 607 3024 quum
629 2919 996 3024 Hierosolymitanum
1022 2929 1091 3002 iter
1114 2947 1152 3003 te
1176 2932 1275 3004 acei-

184 3081 210 3124 ‚‚
238 3055 324 3133 pere
347 3027 555 3116 {imulaiies3
583 3023 750 3103 aiiumtae
773 3033 1071 3134 peregrinationis
1102 3031 1271 3135 oblitus,

184 3190 209 3228 „
239 3163 349 3239 quarn
379 3157 509 3214 contra
532 3135 703 3222 inimicos
727 3133 847 3209 crucis
880 3139 1034 3239 dirigere
1063 3140 1269 3239 debueras,

182 3291 208 3332 „
234 3249 273 3318 in
303 3243 451 3320 fratrem
478 3261 584 3318 tuum
604 3258 643 3315 et
667 3261 824 3341 regnum
842 3243 1021 3345 Vngariae
1055 3245 1276 3322 conuertiffi

107 3379 113 3418 2
180 3400 206 3442 „
236 3351 351 3426 aciem
380 3346 596 3425 bellatorum
603 3371 617 3433 3
653 3363 692 3422 et
721 3341 838 3422 multa
869 3367 998 3424 contra
1033 3347 1270 3428 serenitatem

180 3503 206 3546 „
233 3461 394 3562 regiam,
435 3451 678 3556 indignorum
715 3447 794 3527 vius
830 3447 1000 3556 consilio,
1044 3455 1273 3534 commibsti.

137 3567 148 3594 ⁸
180 3597 212 3660 ,‚·
231 3565 314 3639 Nos
334 3583 479 3662 autem,
506 3581 601 3662 quos
628 3559 757 3634 diebus
770 3555 851 3646 jffis
880 3562 925 3635 ad
946 3559 1181 3661 pontificatus
1210 3561 1275 3637 of·

146 3667 387 3774 ¹„lfieium5
404 3667 491 3747 licet
515 3669 740 3764 immeritos,
765 3665 936 3746 dominus
956 3671 1146 3769 euocauit,
1184 3685 1275 3742 tam

281 3815 283 3823 ·
1060 3801 1100 3874 ·„
1128 3797 1219 3880 pact

195 3970 199 3978 “
219 3997 270 4083 p>
291 3989 368 4060 nro.
388 3991 413 4066 t.
432 3983 545 4062 cxix.
567 3971 596 4080 1¹³.
618 4021 647 4066 ι.
694 4001 737 4084 (ι)
759 4001 836 4066 retr.
859 3996 883 4068 r.
904 3999 961 4090 ‚¹¹¹-
980 4020 1013 4086 ρ.
1034 4023 1066 4068 ι.
1134 4005 1136 4012 ’
