2754 4306
472 199 617 278 REX
668 201 789 300 XIX.
1002 271 1003 274 .
1061 218 1139 299 435

109 365 299 469 „soluere
330 389 510 448 tentatur.
561 373 633 467 Et,
682 369 704 444 st
745 363 921 444 coneetor
960 365 1195 470 publicorum

108 533 133 576 „
160 472 392 578 vetligalium
414 468 510 554 haec
544 479 589 554 ab
621 477 672 551 eis
705 479 874 578 exigere,
911 473 971 551 vel
1001 475 1198 575 lupercos

11 677 13 684 s
108 643 132 680 „
159 581 374 659 descendere
401 580 578 670 voluerim
614 605 726 656 manu
750 577 887 678 valida,
922 602 1106 682 tamqnam
1137 577 1196 656 fut

109 743 135 784 ‚,
162 712 200 766 et
224 709 369 787 raptor,
396 691 552 792 turpiter
579 685 790 788 expellatur.
828 731 881 752 -
916 691 1035 762 Decet
1071 689 1194 784 enim,
1236 720 1239 727 ·
1304 729 1309 740 ·

104 841 134 890 »„
161 816 204 871 vt
228 793 316 870 srcut
343 787 488 892 alaicis
506 791 629 869 clerici
654 793 876 894 ministerio,
904 817 973 869 nec
1007 815 1085 866 non
1120 791 1196 867 cul·

76 924 81 934 ’
109 911 134 996 “,,
163 923 230 1000 tu,
257 900 339 976 sunt
356 903 537 1002 dispares;
565 897 609 974 fic
633 903 674 974 in
696 901 813 974 diuini
835 901 1039 976 libertatem
1065 894 1194 994 offitii,

107 1005 324 1096 „secularis
359 1007 577 1110 grauaminis
602 1003 669 1080 smt
701 1015 877 1106 expertes.
912 1043 965 1066 -
1003 1009 1090 1080 Dat.
1130 1025 1196 1102 per

109 1133 291 1210 „manus
315 1112 430 1212 Cleri,
475 1135 506 1187 a.
530 1137 559 1186 r.
592 1135 692 1190 canc.
724 1133 761 1186 et
794 1115 946 1214 Agrien.
979 1107 1193 1211 praepositi,
1240 1189 1244 1206 .

109 1271 134 1314 ‚,
163 1243 262 1298 anno
286 1223 389 1296 dom.
415 1223 488 1293 inc.
510 1239 621 1296 1222.
640 1241 723 1293 ven.
741 1221 878 1300 Ioanne
899 1221 1060 1318 Strigon.
1079 1247 1195 1274 --

107 1377 133 1418 ,,
159 1323 320 1403 Nicolao
356 1324 544 1426 palatino,
570 1361 624 1380 -
651 1325 790 1398 Ochuz.
812 1324 928 1419 bano,
962 1317 1088 1400 Paullo
1118 1321 1193 1394 vai·

102 1477 133 1518 ·‚‚
159 1432 339 1531 uoda,-
360 1437 535 1508 Bancone
550 1429 651 1504 aulae
668 1432 788 1530 regiae
803 1429 941 1508 curiali.
954 1443 1033 1494 -“
1062 1421 1195 1502 Guem'·

106 1535 306 1614 admodum
326 1529 505 1639 superiore
523 1533 724 1636 diplomate
751 1531 918 1636 nobiles,
944 1539 996 1610 ita
1023 1535 1096 1609 hoc
1124 1527 1194 1605 cle·

60 1641 65 1660 ¹
105 1643 192 1748 rici,
219 1665 356 1724 ceteras
381 1649 475 1720 inter
503 1642 794 1744 praerogatiuae,
836 1641 1082 1742 rependendis
1109 1633 1192 1714 libr·

106 1753 160 1824 ris
177 1747 332 1828 denariis
357 1753 567 1826 eximuntur
573 1773 586 1834 5
611 1769 771 1844 quorum
802 1751 953 1823 nomine
979 1740 1112 1822 venilie
1139 1743 1193 1812 vi·

107 1855 240 1930 dentur
265 1839 360 1932 otlo'
377 1856 539 1950 denarii,
576 1873 671 1953 quos
704 1847 791 1926 olim
817 1849 931 1946 liberi
953 1873 1105 1953 quoque
1130 1847 1191 1920 de·

104 1963 264 2059 pendere
288 1959 458 2039 solebant.
489 1961 556 2056 (a)
615 2043 619 2050 ,
723 1961 724 1965 ’
1066 1954 1070 1968 ’

175 2177 229 2254 A.
259 2175 297 2255 C.
327 2197 442 2274 1223.
468 2159 679 2270 Andr.·19.
714 2171 790 2262 nr.
822 2149 883 2254 11.
901 2169 949 2249 vl’.
978 2193 1040 2268 23.
1067 2173 1120 2248 A.

200 2391 458 2470 CCCXLVIII.
482 2397 589 2472 Licet
619 2397 785 2471 Andreas
824 2397 869 2470 de
900 2393 1051 2499 singulis
1084 2404 1188 2502 regni
1272 2475 1278 2492 .

106 2499 254 2576 statibus
285 2503 426 2599 optime
448 2505 577 2576 mereri
597 2497 775 2585 voluerim
803 2504 933 2575 eodem
954 2521 1077 2576 tamen
1099 2525 1189 2580 tem·

104 2630 216 2707 pore,
242 2627 320 2702 quo
337 2624 413 2678 tam
431 2601 598 2679 salutares
615 2629 730 2705 regno
745 2603 844 2705 leges
861 2605 1028 2704 pertulit,
1045 2581 1188 2708 nescio„

103 2713 193 2812 quid
222 2707 427 2786 Orodienfis
462 2709 680 2808 praepoiitus
712 2711 751 2781 in
788 2731 872 2782 eum
902 2707 1111 2812 deliquerit,
1146 2735 1189 2790 vt

103 2813 274 2894 omnibus
296 2813 454 2886 fortunis
475 2833 606 2888 erutus
624 2813 742 2890 inerit.
796 2817 951 2889 Pronior
969 2807 1094 2892 tameir
1110 2823 1189 2892 An·

103 2923 206 2995 dreas
234 2917 278 2990 ad
307 2919 496 3027 dandumx
534 2941 648 3023 quam
680 2921 959 3022 accipiendum,
1000 2925 1188 3024 equitibus

100 3025 341 3125 Teutonico,
368 3025 501 3126 quibus
531 3022 703 3125 peculiari
731 3025 846 3102 studio
882 3023 1020 3125 semper
1053 3027 1187 3105 afficie-

11 3123 13 3166 '
101 3137 231 3226 batur,
258 3149 414 3222 terram,
439 3133 555 3206 Borza
573 3129 631 3206 seu
651 3135 749 3206 Boza
774 3153 1043 3234 nuncupatam,
1073 3137 1186 3211 dona-

97 3242 165 3315 uit.
217 3237 333 3312 Cuius
357 3261 482 3314 curam
509 3240 694 3312 Honorius
716 3238 877 3340 Agrienfi
904 3241 1028 3337 potius
1048 3239 1184 3340 episco-

100 3369 174 3447 po,
210 3367 321 3444 quam
348 3337 679 3442 Tranllr'luanienfi3
705 3345 1009 3419 committendam
1034 3346 1183 3421 censuit.

102 3449 163 3548 (b)
190 3453 292 3524 Idem
319 3448 482 3551 pontifex
504 3448 672 3524 fratribus
696 3450 774 3526 ord.
804 3452 925 3550 praed.
954 3451 1185 3553 exsequutio·

99 3579 186 3632 nem
216 3571 344 3630 contra
380 3556 652 3657 Zagrabiensem
684 3553 915 3658 episcopum,
950 3584 972 3637 a
998 3563 1185 3636 canonicis

11 3719 13 3756 .
98 3665 145 3739 de
174 3655 299 3737 multis
326 3663 536 3738 criminibus
572 3659 805 3760 accusatum,
831 3663 1020 3740 commisit.
1040 3667 1095 3762 (c)
1124 3667 1185 3738 Vt·

131 3949 191 4080 r.)
214 3991 291 4055 rue
318 3991 394 4056 cn.
413 3954 513 4058 rss'v.
530 4015 560 4074 p.
582 4009 757 4076 394-402.
781 3991 849 4140 p)
865 3988 1180 4080 apenninum

189 4079 247 4161 Ep·
261 4077 293 4146 1³.
306 4077 376 4164 lp.
393 4085 462 4148 red.
505 4079 550 4163 lc)
571 4079 630 4165 Ap.
651 4077 758 4145 Farlar.
807 4119 821 4161 s,
843 4075 882 4146 V.
906 4097 936 4162 p.
958 4075 1030 4157 3⁶¹·
