2748 4300
102 172 225 288 sno
398 155 917 290 COLOMANVS

91 388 288 461 ementium.
339 389 450 484 XLV.
477 386 536 467 De
564 393 756 476 exemtiane
785 383 970 472 liberorum
993 380 1175 484 efirlutin

92 515 134 566 ne
161 487 485 572 moderannum.
538 497 664 568 XLVI
691 493 750 570 De
778 486 992 592 aecufiatione
1020 487 1171 567 ismaeli·
1209 510 1215 516 ·

91 615 233 692 aarum,
250 591 440 696 sistendum
450 595 568 700 sellas
576 595 665 696 suas
688 603 890 676 uiuentium.
942 599 1089 670 XLVII.
1110 595 1171 672 De

28 767 31 772 .
82 697 174 790 ¹eccle
188 726 234 777 us
247 699 521 804 Isueaelitarum,
539 725 573 782 et
586 702 627 779 de
641 698 993 782 datibusenrumelern.
1009 704 1169 779 XLVIII.

91 803 148 882 De
171 815 401 888 matrimonia
417 807 685 888 Ismaeliterrsen.
708 814 834 908 XLIX.
864 809 922 886 De
940 801 995 907 este
1009 811 1170 884 seruirent

86 917 312 1014 porcinarum
332 933 398 1018 per
421 913 627 996 Ismaeliias.
678 920 721 990 L.
738 919 806 1004 'De
830 921 951 1017 poenis
979 907 1169 989 homicidas

91 1021 338 1118 retinentium,
365 1045 428 1098 nee
453 1045 521 1100 nnn
537 1019 730 1125 parricidis
752 1043 786 1101 et
810 1023 901 1100 aliis.
953 1021 1022 1120 LI.
1040 1017 1169 1118 Defu-

41 1171 43 1174 -
91 1119 208 1222 ribus,
253 1147 381 1230 quarta
410 1125 472 1222 bie¹
498 1148 532 1206 et
565 1121 661 1212 moda
696 1125 747 1203 ad
773 1118 938 1206 iudicium
961 1120 1169 1226 statuendis.

22 1227 24 1234 ’
89 1227 167 1302 LII.
193 1227 252 1302 De
274 1250 384 1333 poena
415 1237 626 1336 cuiuspiam,
652 1229 800 1338 aliquem
832 1225 955 1331 iniuste
991 1231 1173 1331 capientis.

92 1335 186 1406 LIII.
212 1332 268 1410 De
283 1351 395 1438 paena
415 1343 600 1440 capientis,
618 1332 733 1436 fisur
746 1335 875 1440 fnlfies
890 1329 1045 1434 eualirit.
1071 1334 1168 1408 LIV.

92 1435 148 1512 De
157 1442 268 1538 fieren
292 1464 355 1519 20.
377 1441 605 1519 denariorum.
658 1447 734 1519 LV.
761 1443 818 1520 De
829 1461 938 1546 poena
962 1445 1170 1539 capientium

11 1583 14 1602 ·
92 1541 241 1648 aliquem
266 1545 404 1647 exsule
419 1545 626 1650 stespiciane.
656 1553 774 1633 LVI.
802 1550 860 1626 De
873 1551 977 1647 juris
986 1541 1171 1644 fieupliciu,

56 1729 59 1732 ,
93 1664 207 1724 vxore'
222 1663 256 1727 et
270 1647 363 1751 filiis
377 1654 518 1754 furum.
571 1657 682 1730 LVII.
708 1655 766 1730 De
776 1651 913 1761 strigis.
966 1653 1092 1724 LVIII.
1109 1645 1167 1724 De

92 1753 317 1854 urulieribus,
335 1777 482 1859 partum
496 1755 603 1858 fisum
625 1757 843 1838 necantibus.¹
872 1761 966 1832 LIX.
992 1753 1049 1832 De
1063 1771 1169 1854 raptu

93 1854 283 1938 mulierum.
310 1867 384 1940 LX.
402 1863 461 1946 De
478 1861 651 1966 maleficis.
667 1867 766 1942 LXI.
782 1863 840 1942 De
855 1861 1034 1944 adulteris.
1059 1863 1171 1952 LXII.

93 1965 152 2044 De
176 1969 344 2068 amifflone
368 1975 445 2076 equi
459 1975 498 2048 in
514 1959 599 2047 villa
610 2029 622 2070 ‚
651 1967 713 2048 ubi
731 1963 931 2071 reeefuere'r.
970 1954 1096 2045 LXIII.
1112 1963 1169 2078 De

91 2071 259 2170 amiffione
285 2097 445 2180 equorum
465 2081 726 2170 itinerantium.
778 2079 905 2158 LXIV.
931 2069 990 2148 De
1022 2090 1173 2174 tempere

43 2191 45 2196 ’
91 2171 296 2276 distufflene's
326 2186 628 2283 querimoniarum.
686 2185 797 2256 LXV.
827 2178 887 2256 De
924 2175 1108 2256 serentibus
1138 2197 1173 2251 ee
1319 2200 1323 2206 ·

92 2277 287 2380 militibus,
296 2281 495 2388 potestatem
511 2284 661 2387 ecclestm
689 2284 742 2363 rbi
751 2280 1027 2362 vendicantibus.
1046 2285 1186 2358 var.
1212 2291 1225 2297 ''

92 2385 150 2460 De
153 2383 309 2488 persenis
318 2389 450 2491 ecelefia
480 2390 725 2490 ieis‚rlecirnas
733 2385 1015 2492 persolueneibus.
1029 2391 1173 2462 LXVII.

92 2489 149 2566 De
173 2485 329 2600 bigamis
347 2511 412 2594 pre
441 2505 571 2596 yteris.
619 2501 783 2586 LXVIII.
811 2495 869 2571 De
886 2489 1171 2574 celebrationibus

93 2592 281 2702 reriffarrern.
334 2603 459 2678 LXIX.
487 2601 545 2680 De
574 2605 729 2708 reliquiis
745 2599 962 2705 spanorum.
986 2602 1094 2672 LXX.
1113 2597 1172 2674 De

90 2699 240 2805 vestibus
255 2703 473 2786 elericorum.
526 2713 651 2785 LXXI.
686 2711 745 2787 De
776 2727 924 2814 quatuor
951 2700 1174 2806 temporibus.

89 2811 232 2886 LXXII.
257 2808 314 2918 De
334 2811 440 2918 efficia
461 2813 506 2892 S.
535 2813 734 2892 Trinitatis.
788 2817 946 2888 LXXIII.
983 2811 1042 2888 De
1059 2805 1174 2910 sepul
1261 2874 1263 2884 ,

89 2923 183 2993 ruris
210 2911 494 3018 Christianorum.
545 2923 706 2996 LXXIV.
726 2914 792 2997 “De
819 2915 975 3017 Iudaeis,
1006 2911 1172 3016 Christia-

89 3047 172 3097 num
196 3027 415 3126 mancipium,
436 3023 636 3104 ementibus.
687 3029 833 3100 LXXV.
862 3029 919 3102 lle
946 3021 1172 3130 agricultura

62 3125 314 3223 ‚ludaeorum
348 3125 598 3236 peffifflanibus
631 3151 666 3207 et
701 3127 934 3231 manfionibus
970 3123 1172 3204 earumdem.

90 3235 250 3328 LXXVI.
276 3233 333 3310 De
349 3253 461 3336 poena
484 3227 914 3342 incolarumssalienigenis
929 3255 1055 3336 equum
1071 3221 1171 3304 Hun-

88 3335 1017 3552 ἐΐὲΐῗκτῑΐῗίῖἔωπίανξχξᾜωὶρῆἵέςὥς“
1033 3330 1183 3516 ἵζει

88 3547 149 3625 Ιία.
201 3551 393 3626 LXXVIII.
463 3579 479 3628 e
505 3507 672 3652 tribuitis,
694 3560 793 3652 *inser
817 3577 933 3657 regem
959 3565 992 3622 et
1014 3549 1181 3622 camitem·

90 3651 296 3732 diuidendis.
344 3659 501 3732 LXXIX.
530 3655 589 3734 De
598 3663 778 3759 pecuniis,
798 3675 865 3760 per
883 3657 1023 3732 comites
1036 3657 1074 3729 in
1095 3676 1176 3726 una·

90 3775 220 3864 quoque
242 3765 441 3839 centuria'tre
464 3759 665 3874 colligendis
686 3783 722 3838 et
740 3761 963 3871 Strigonbern
985 3765 1187 3862 importum

90 3863 155 3942 elis.
207 3867 346 3940 LXXX.
374 3862 430 3942 De
458 3865 580 3968 liberis
608 3863 801 3969 limitibus
829 3868 968 3964 Slauis,
1002 3871 1042 3944 in
1070 3865 1180 3938 terris

172 3987 237 4046 'um
259 3963 511 4056 laborantibus.
560 3975 721 4054 LXXXI.
746 3971 804 4077 De
818 3973 995 4078 solutione
1024 3961 1175 4068 castella·

306 4155 311 4161 .
989 4096 1126 4158 mmm
