2738 4304
176 259 179 267 .
287 223 336 302 ῃ
486 189 1067 273 &STEPHANVS

233 371 312 454 esse!
364 375 465 446 Inter
487 373 702 470 praecipuos
728 369 840 448 duces
864 393 884 442 a
909 370 1085 442 Turotzio
1119 367 1319 445 nominan-

229 505 295 558 tur
313 477 418 554 Hunc
437 499 471 554 et
490 469 662 573 Faunum
689 481 750 580 qai
761 475 807 552 'S.
827 469 1050 578 Stephanum.
1064 498 1180 580 regem
1193 476 1316 581 insta-

231 593 331 680 mine,
338 583 475 660 Garum
489 579 631 688 gladio,
655 581 693 658 T
687 577 838 668 casanico
854 605 966 681 more,
986 583 1266 682 accinxerant(
1292 589 1321 679 ),

232 695 389 793 Vigebat
406 691 507 778 enim
529 709 570 762 ea
592 685 802 788 tempestate
821 689 922 787 pium
939 684 1158 782 institutum,
1176 689 1316 790 princi·

230 823 320 900 pum
343 793 456 892 filios,
483 795 547 870 vbi
571 791 762 869 militarem
793 809 947 868 aetatem
969 788 1180 892 attigissent,
1195 789 1314 868 sacras

113 915 116 926 '
227 909 322 980 inter
346 903 559 978 cerimonias
587 897 731 974 militari
757 894 877 1002 gladio
900 896 1169 998 praecingendi.
1222 904 1312 974 Hoc

227 1009 361 1086 codem
383 1010 506 1080 ritus,
528 1007 755 1105 Stephanum
776 1026 874 1078 nunc
896 1007 1079 1078 initiatum
1096 999 1218 1100 fuisse,
1235 1009 1316 1078 'Iu-

228 1116 364 1189 rotzius
389 1115 506 1188 etiam·
523 1106 606 1184 alibi
627 1111 757 1209 refert,
783 1113 894 1211 idque
916 1108 1034 1185 rursus
1061 1112 1106 1185 ad
1138 1111 1313 1188 Granum

231 1243 386 1293 amnem
408 1214 540 1314 sadum
573 1211 641 1291 esse
676 1218 807 1304 docet;
851 1213 910 1316 (b)
943 1219 996 1290 ibi
1033 1209 1207 1314 fortasis,
1242 1221 1314 1294 vbi

228 1349 328 1399 nunc
350 1324 394 1396 ad
418 1329 519 1402 Been
544 1323 691 1425 vestigia
714 1342 880 1400 veterum
904 1320 1098 1398 castrorum
1119 1344 1314 1422 apparent.

228 1435 298 1504 Hic
323 1432 421 1506 enim
444 1433 645 1525 exercitus,
672 1431 715 1503 ab
748 1425 1098 1508 hostibuaDanubio
1120 1425 1313 1529 discretus,

104 1631 131 1644 Γ
226 1540 340 1610 tutius
363 1555 401 1608 et
422 1531 681 1636 colligebatur,
723 1555 761 1609 et
783 1531 1032 1609 instruebatur.
1093 1536 1165 1612 ¹Hic
1189 1537 1309 1636 igitur

221 1647 261 1718 S.
295 1643 496 1742 Stephanus
527 1641 622 1716 duos
652 1637 733 1716 illos
764 1636 939 1739 spedatae
978 1641 1122 1714 virtutis
1149 1659 1186 1714 et
1216 1639 1309 1716 fidei

121 1733 143 1778 '¹
222 1749 359 1843 duces,
385 1749 593 1845 nuntium,
619 1765 657 1820 et
680 1752 915 1842 Paznanum,
941 1747 1103 1846 corporis
1119 1743 1170 1820 sui
1188 1743 1313 1821 custo·

225 1855 290 1928 des
323 1849 458 1954 delegit
472 1878 486 1939 3
529 1849 782 2030 Ye¹²ss⁸¹²¹¹¹¹i
799 1850 1015 2030 autemstcsietu
1031 1846 1315 2035 Xenaerilthffi

225 1956 675 2165 &erethriis
688 1980 940 2162 isichii
960 1979 1312 2161 capripedes„

229 2191 346 2269 quum
366 2169 401 2242 S.‘
424 2169 627 2268 Stephanus
650 2167 683 2243 se
711 2167 860 2268 suasque
893 2171 1018 2270 copias
1041 2173 1199 2244 externis
1230 2193 1314 2245 cre-

96 2365 99 2372 ,
229 2277 316 2348 dere
354 2271 500 2350 cousins
532 2271 651 2350 suerit
704 2276 867 2374 Apparet
897 2277 1030 2370 etiam,
1056 2275 1208 2373 prouide
1245 2299 1313 2375 pp·

225 2399 322 2454 »trem
350 2381 426 2456 eius
454 2382 708 2456 externa-haec
735 2375 863 2482 auxilia
886 2381 959 2454 iam
978 2383 1076 2480 prius
1098 2381 1137 2453 in
1157 2385 1313 2482 Hungu-

229 2488 320 2560 riam
345 2483 529 2584 aeduine,
554 2487 626 2563 fine
650 2487 782 2588 quibus
809 2507 854 2559 ex
875 2504 977 2564 tanto
1001 2484 1202 2560 discrimine
1231 2491 1314 2562 Ste·
1354 2545 1355 2549 η

234 2594 377 2692 pharius
394 2595 456 2667 vix
469 2587 582 2668 saluus
598 2589 763 2669 euasisset.
817 2593 900 2666 Nec
918 2591 969 2668 est
990 2592 1160 2690 dubium,
1186 2617 1311 2668 nouas
1352 2601 1354 2685 j

232 2693 329 2770 affini
353 2702 478 2799 copias
502 2703 703 2776 Henricum
728 2693 938 2795 subminffe,
964 2699 1093 2797 quibus
1109 2701 1139 2772 is
1164 2695 1312 2798 ruerus,
1351 2729 1352 2751 r

232 2825 347 2903 quum
376 2805 448 2880 iam
481 2805 592 2880 hostis
625 2803 866 2903 Vesprimium
899 2803 1084 2879 nbsrdione
1109 2799 1309 2906 prenset,
1347 2825 1350 2890 r

231 2930 319 2982 cum
336 2911 501 2986 exercitu
524 2911 740 2986 Danubium
766 2911 914 2986 traiecit„
981 2911 1165 2986 consertis
1192 2917 1314 2986 mani·
1347 2897 1349 3021 s

231 3014 327 3113 bus,
355 3037 489 3116 anceps
517 3013 735 3118 aliquamdiu
764 3012 938 3116 praelium
960 3014 1029 3090 suit
1035 3043 1048 3105 ς
1075 3017 1194 3092 donec
1211 3021 1315 3092 Ven-
1346 3029 1347 3046 s

232 3118 403 3221 cedinus,
429 3125 469 3198 in
492 3125 644 3197 obuium
674 3125 817 3223 Cupam
837 3119 1024 3218 inuectus,
1049 3143 1160 3224 caput
1185 3125 1221 3198 d
1245 3125 1314 3198 de·
1342 3163 1345 3226 q

232 3223 430 3304 messuisset.
481 3234 579 3304 Tum
599 3251 688 3305 vero
710 3226 880 3326 sedition,
906 3231 1093 3304 ducciam
1118 3227 1313 3328 destituti,

233 3331 325 3404 nihil
353 3357 397 3408 ex
415 3329 541 3410 ordine
562 3357 685 3436 agere,¹
707 3355 866 3433 pugnarn
883 3337 1088 3434 remittere,
1113 3333 1239 3438 sugam
1256 3361 1316 3411 ar-

230 3437 357 3536 ripere.
410 3443 544 3540 Neque
570 3437 706 3518 sandius
729 3440 804 3512 dux
824 3437 1003 3541 fugientes
1029 3439 1216 3542 persequi,
1246 3467 1318 3517 ne-

230 3565 304 3641 que
323 3542 539 3642 supplicibus
563 3547 766 3644 indignari3
796 3565 1012 3644 contentus,
1040 3571 1139 3622 arma
1163 3549 1316 3623 ciuibus

230 3669 425 3748 excutere,
452 3669 689 3749 mentemque
714 3647 817 3724 vistis
835 3651 1011 3728 saniorem
1036 3655 1199 3730 reddere.
1247 3657 1319 3730 Ne

233 3761 423 3830 tamenin
455 3753 544 3833 alios
570 3758 626 3828 vis
652 3752 808 3856 exempli
833 3753 972 3858 pessuni
993 3755 1168 3860 serperet3
1194 3760 1322 3834 vindi-

1206 3868 1264 3940 cis

811 3993 1326 4022 *mu-r,

264 4065 313 4144 (a)
335 4057 448 4130 chor.
468 4063 503 4130 P.
527 4062 725 4182 11.·eup.r3·
768 4066 814 4148 (b)
836 4065 912 4128 lind.
939 4087 1002 4149 cap.
1022 4083 1078 4150 no.
