2754 4306
132 173 138 186 ·
224 149 316 250 ,436
469 148 862 226 ANDREAS
916 151 987 226 11.

185 335 293 408 detur
325 331 357 402 is
391 330 438 404 de
473 331 788 406 criminationibus
826 323 978 404 obiellis
1013 325 1048 404 se
1087 315 1271 428 putgtll'en
1343 407 1344 422 ἦ

189 460 304 538 quum
333 457 430 510 anno
456 433 629 536 sequente
651 435 912 538 diplomatibus
936 431 1151 532 subscriptus
1179 429 1273 533 lega*

188 565 260 644 tur.
314 537 516 617 Guncellus
533 565 706 644 quoque,
731 527 945 643 Spa'lateofis
967 539 1275 640 archiepiscoput,

133 727 139 742 ,
190 652 349 724 obtento
379 644 518 748 pallio,
544 650 591 722 de
616 647 689 724 liris.
712 645 918 726 aduersariis
936 646 1189 746 triumphauit„
1209 647 1272 737 (a)

193 756 264 831 Sed
291 757 504 852 Acontius,
530 757 565 830 ei
582 749 732 854 pallium
760 755 901 832 tradere
925 747 1058 851 inlitu,
1080 753 1120 826 in
1136 753 1278 825 Bonrtia
1345 801 1346 808 κ

190 883 284 940 tunc
308 879 440 934 contra
458 863 690 968 Petarenos,
704 861 772 960 qni
786 859 847 934 libi
866 858 1194 935 Bartholomaeum
1214 879 1278 930 an·

189 971 353 1068 tipapam
377 965 666 1064 constituerunt,
692 969 831 1069 agebat.
883 971 1027 1040 norun
1050 961 1170 1038 fautor
1198 984 1277 1037 erat
1346 1003 1347 1006 ¹

143 1126 147 1140 ·
190 1073 385 1168 Buisenm,
412 1095 536 1146 comes
567 1067 785 1172 spolitinus,
813 1074 917 1148 euius
939 1065 1100 1146 decellor
1124 1068 1280 1144 Dornal·

194 1181 263 1256 dus
284 1179 334 1252 ob
350 1175 537 1278 perfidiam
554 1179 598 1251 ab
620 1179 767 1254 Andrea
781 1177 935 1254 fortunis
952 1177 1172 1278 quibusdam
1187 1173 1281 1250 mul*
1347 1170 1348 1238 l

172 1329 174 1337 ι
194 1303 293 1360 tatus
317 1281 366 1358 est
374 1338 388 1379 ,
413 1281 479 1378 (b)
506 1281 717 1383 diplomati,
743 1287 831 1360 dato
858 1305 975 1381 1223.
987 1281 1187 1380 subscriptis
1203 1286 1280 1382 epi-

187 1390 325 1492 scopis,
352 1385 436 1464 alias
461 1387 636 1488 laudatis,
660 1412 809 1471 natante
840 1385 1193 1499 Strigont‘enfistde,
1220 1387 1279 1464 Irt-
1348 1381 1349 1450 ἶ

187 1494 222 1576 la
240 1493 427 1610 palatino,
456 1494 603 1578 Nicoluo
628 1495 755 1574 ceriali
774 1495 811 1574 G
828 1501 994 1603 reginae,
1020 1494 1198 1574 Salomone
1214 1492 1278 1572 ba·
1349 1556 1350 1606 ,

49 1695 53 1704 ,
188 1627 256 1700 oo,
296 1597 414 1680 Barea
439 1599 567 1680 curiali
593 1601 631 1678 C.
664 1627 703 1680 ra
729 1607 771 1682 is.
836 1607 996 1680 loannes
1026 1602 1277 1702 Suigonieofit

189 1731 259 1786 nec
281 1709 377 1784 inter
404 1722 469 1782 eos
499 1705 677 1784 antistites
700 1629 859 1814 legitur,
902 1709 970 1809 qui
998 1707 1050 1783 de
1078 1702 1188 1783 Belae
1224 1709 1276 1781 di·

188 1819 314 1892 uortio
337 1811 550 1916 pontificem
570 1815 809 1893 edocuerunt.
864 1871 887 1911 ,‚
899 1819 1047 1912 auum,
1066 1809 1278 1918 inquiebant

187 1971 214 2012 n
241 1920 318 2018 illi,
344 1923 401 2015 (c)
433 1919 606 1996 dominos
643 1921 762 1997 noster
794 1945 858 2000 rex
896 1925 1183 2022 Hungarorum,
1227 1922 1275 1994 de

58 2063 60 2074 =
187 2074 214 2118 „
241 2027 402 2128 partibus
425 2028 671 2102 transmarinis
692 2029 858 2126 rediens,
885 2050 951 2129 per
975 2045 1107 2100 terram
1138 2023 1279 2100 nobilis

188 2191 215 2231 „
242 2135 313 2210 viri
328 2131 466 2209 Lascari
489 2132 676 2208 transitum
696 2131 856 2224 facerett
880 2129 991 2210 filiam
1011 2133 1175 2208 eiusdem
1195 2129 1276 2208 filio

89 2321 94 2333 ¹
188 2296 217 2337 „
243 2237 306 2312 suo
336 2240 607 2342 primogenito,
650 2237 757 2316 Belae
789 2237 932 2342 illustri,
975 2239 1051 2322 iarn,
1078 2239 1118 2312 in
1147 2263 1278 2340 regem

194 2391 221 2446 „
248 2361 452 2438 coronato,
479 2363 518 2416 et
537 2346 576 2418 in
600 2347 705 2448 regni
728 2340 976 2450 gubernacula
990 2339 1071 2448 post
1094 2341 1148 2442 se,
1167 2347 1279 2420 DEO

196 2495 223 2556 „
249 2447 433 2550 propitio,
459 2443 681 2548 successuro,
707 2435 1114 2556 desponlauitvxoretn,
1141 2449 1287 2551 praelli-

192 2607 221 2653 „
247 2571 289 2630 to
317 2551 361 2628 ab
384 2551 461 2656 ipso
483 2579 571 2658 rege
595 2575 635 2632 et
651 2556 834 2634 nobilibus
858 2556 955 2654 suis,
981 2559 1047 2660 qui
1074 2576 1164 2634 tunc
1177 2573 1282 2656 prae·

194 2709 221 2760 „
247 2657 363 2737 sentes
397 2679 521 2770 erant,
548 2659 951 2762 publiceiutanrento,
977 2682 1020 2756 nt
1048 2665 1093 2744 ad
1110 2659 1286 2740 consum-

75 2841 81 2854 ,
163 2812 220 2856 ,,,
249 2769 451 2844 mationem
480 2765 704 2846 matrimonii
733 2771 830 2846 inter
863 2768 1031 2872 personas
1056 2788 1287 2846 memoratas

194 2925 222 2970 ,‚
249 2869 403 2948 fideliter
432 2871 651 2952 laborarent.
703 2875 881 2955 Eamdetn
900 2875 1012 2952 etiam
1031 2873 1218 2993 nobilem,
1233 2895 1282 2950 vt

195 3033 221 3075 ,‚
249 3002 384 3054 nurum
407 2979 516 3056 decet
536 2981 700 3084 regium,
725 2980 852 3064 secum»
874 2983 913 3058 in
936 2979 1034 3056 suam
1059 3002 1192 3060 tertam
1222 2981 1290 3056 ad-

119 3137 127 3168 ,
194 3141 221 3180 „
248 3085 412 3184 ducens,
437 3121 493 3145 -
518 3081 604 3162 filio·
618 3083 681 3162 suo
713 3107 917 3165 memorato
938 3084 1093 3166 'tradidit
1125 3091 1165 3164 in
1189 3110 1288 3162 vxo-

195 3247 221 3288 „
243 3197 354 3280 'remt
378 3187 492 3291 ipsam
518 3187 778 3292 nihilominus,
811 3198 916 3272 omni
947 3191 1189 3274 sollemnitate
1223 3193 1290 3268 ad·

196 3352 222 3392 „
251 3295 387 3394 hibita,
411 3299 452 3372 in
475 3299 637 3400 reginam
659 3301 865 3404 Hungariae
888 3303 1053 3377 coronari
1074 3296 1216 3376 faciens
1246 3317 1294 3372 et

50 3413 87 3498 g
196 3447 223 3489 „
250 3402 392 3503 inungi.
418 3401 488 3478 Cui
511 3393 753 3503 supradietis
775 3403 1046 3503 Belaillulbis,
1072 3405 1294 3482 cumomni

194 3561 222 3602 „
249 3505 448 3582 diledlione
488 3527 526 3584 et
557 3508 844 3612 tranquillitate,
887 3511 929 3586 in
961 3529 1080 3588 aetate
1116 3511 1296 3614 legitima

193 3668 219 3709 „
246 3615 319 3687 iam
351 3611 537 3714 exsistens,
565 3614 791 3692 cohabitauit
822 3631 1043 3722 perqtotunt
1072 3619 1298 3715 biennium,

1133 3767 1163 3816 ρ)
1191 3743 1235 3798 et

195 3873 581 3908 *m

233 3940 416 4081 ltlngfflffi
428 3945 481 4009 ¹11·
499 3972 530 4032 Ρ·
545 3971 619 4039 ²54·
660 3957 711 4042 (l)
731 3963 776 4030 Ιι
793 3959 993 4049 trttompbo.
1038 3954 1084 4042 (t)
1105 3919 1300 4042 annun.

348 4043 399 4086 tn.
419 4045 511 4108 tart·
533 4034 579 4098 N·
609 4056 661 4118 3¹·
993 4074 1016 4104 -,
