2738 4304
222 182 281 272 rs
431 171 1010 284 sstnrnnnvs

177 345 267 423 Eius
291 337 478 442 postulatis
514 325 633 418 facile⁴
650 341 813 444 pontifex
849 331 1003 432 annuitt
1032 345 1146 420 imm'o
1183 365 1267 416 non
1354 396 1355 452 p

179 467 325 524 tantum
361 445 558 522 conflatam
583 473 628 524 ex
659 473 747 523 auro
777 446 890 523 solido
926 475 1104 526 coronam
1138 450 1263 537 eidem
1354 453 1355 540 ζ

175 549 360 639 contulit3
386 549 575 627 sedetiam
603 552 816 654 potestatem
849 551 1010 632 eeclefias
1040 555 1262 650 ordinandi,

162 675 221 736 'ac
240 663 279 734 in
298 661 405 732 huius
423 658 609 758 potestatis
637 659 775 762 srgnum
804 683 951 743 crucem
979 685 1129 764 quoque
1158 683 1260 759 prae·
1355 746 1356 762 χ

178 766 364 844 ferendam
391 766 425 838 ei
442 789 507 864 per
528 765 709 841 Amicum
726 767 828 841 mifit.
882 761 1079 870 Singularis
1099 767 1188 840 haec
1207 761 1260 844 est
1355 763 1356 774 ’

178 869 453 974 praerogatiua,
481 895 553 971 qua
568 875 773 978 Hungariae
790 894 918 976 regeS,
944 897 1027 974 prae
1055 891 1264 948 ceterarum

181 978 450 1079 prouinciarum
488 979 712 1076 principibus
738 982 933 1075 exornati,
977 981 1161 1078 hodieque
1191 971 1259 1049 ful-

113 1105 116 1112 ’
177 1095 277 1184 g'ent.
332 1083 435 1154 Hanc
459 1077 747 1184 praerogatiuam
778 1081 943 1186 aliaque,
993 1109 1087 1185 quae
1108 1104 1262 1158 nunce

149 1235 154 1242 -
183 1185 388 1262 Carthuitio
418 1185 686 1286 recensuimus,
726 1187 950 1292 elegantibus
975 1189 1140 1265 Siluester
1163 1183 1254 1260 litte·

177 1297 249 1389 ris,
289 1311 378 1390 quas
407 1291 452 1363 ad
486 1296 711 1395 Stephanum
741 1293 949 1371 deferendas
982 1296 1123 1370 Allrico
1147 1295 1262 1368 stradi-

178 1399 262 1497 dit,
304 1416 368 1490 27.
407 1399 531 1472 Martii
556 1401 628 1476 hoc
666 1425 763 1476 anno
802 1421 915 1480 1000.
953 1401 1164 1500 complexus
1200 1395 1262 1473 est.
1357 1459 1358 1470 ,

180 1501 418 1580 Schwartzius
442 1501 529 1578 ficut
555 1499 741 1608 epistolam
766 1508 860 1581 hanc
883 1509 933 1580 lm
959 1525 1099 1608 ugnat3
1123 1508 1175 1578 ita
1194 1507 1259 1578 'co-

179 1631 310 1686 ronam
339 1631 359 1680 a
384 1613 551 1690 Romano
576 1611 752 1711 pontifice
773 1611 909 1688 millam
924 1529 1023 1688 titisse
1041 1629 1160 1714 negat.
1186 1611 1258 1683 Sed

141 1785 146 1794 .
179 1737 316 1793 vanum
345 1711 412 1808 est,
451 1717 551 1814 quod
577 1720 745 1818 oggerit,
782 1723 843 1816 (a)
888 1719 1148 1818 autographam
1179 1738 1258 1788 non

181 1821 335 1924 produci
345 1841 357 1905 ς
385 1843 500 1918 quum
513 1813 638 1920 paffim
659 1825 769 1898 etiam
792 1825 1008 1926 apographis
1020 1819 1151 1896 tabulis
1168 1817 1259 1894 fides

183 1927 343 2002 adhiberi
368 1921 485 2002 soleat.
540 1929 649 2026 Quod
683 1931 875 2006 autem'in
903 1926 1129 2030 Traguriensr
1156 1925 1264 2000 tabu·

181 2031 269 2108 lario
299 2031 366 2102 hae
404 2031 546 2107 litterae
571 2037 644 2106 iam
676 2057 752 2108 non
787 2039 1030 2136 reperiantur;
1072 2053 1264 2134 perperam

183 2139 368 2239 arguitur,
395 2159 463 2210 nec
499 2133 585 2213 olim
614 2137 753 2238 ibidem
784 2161 943 2241 repertas
973 2159 1012 2214 et
1037 2139 1169 2214 eodem
1201 2159 1257 2210 re·

107 2316 125 2334 ,,
184 2243 314 2346 posrtas
339 2235 459 2327 luille5
486 2267 603 2344 quum
621 2247 729 2318 variis
746 2247 863 2320 modis
882 2247 1031 2346 deperdi
1049 2241 1170 2344 postea
1196 2263 1265 2341 po-

185 2351 332 2424 tuerint
386 2347 590 2445 Supposrtas
614 2371 691 2424 non
717 2347 805 2448 eise,
832 2351 1024 2452 Stiltingus
1053 2347 1185 2449 probat
1212 2369 1266 2422 en

188 2449 251 2530 stili
282 2448 535 2536 conformitate
558 2479 642 2530 cum
665 2451 740 2530 aliis
758 2453 912 2532 Siluellri
930 2455 1078 2552 litteris,
1104 2469 1142 2530 et
1158 2453 1268 2553 phra-

186 2561 278 2636 srbus
305 2556 468 2636 indidem
484 2584 514 2632 a
542 2563 746 2636 carthuitio
774 2563 983 2662 depromtis.
1010 2559 1070 2661 (b)
1096 2557 1266 2636 Narndi·

189 2663 245 2740 &a
271 2665 449 2757 duorum,
474 2662 549 2740 loci
574 2667 822 2768 temporipque
845 2666 957 2769 spatio
984 2661 1264 2758 disiuntlorum,

188 2791 568 2858 temereconcurrere
592 2797 668 2846 non
694 2791 892 2871 poterantt
918 2772 979 2848 nist
1009 2773 1194 2874 quaedam·
1214 2763 1263 2840 al·

185 2897 241 2952 ter
263 2875 307 2950 ab
335 2869 446 2950 altero
469 2875 632 2952 hauserit.
686 2879 805 2976 Atqui
830 2876 925 2953 diua
949 2875 1102 2954 Siluelhr'
1126 2877 1172 2950 u
1196 2871 1265 2973 qui

186 2985 332 3059 Romae·
348 2981 410 3053 has
433 2977 568 3056 litteras
589 2985 690 3057 dedit
709 3007 805 3056 anno
834 3005 948 3062 1000.
974 3001 1012 3058 et
1042 2979 1260 3075 carthuitii,

189 3091 254 3189 qni
281 3079 398 3160 seculo
419 3087 554 3163 tardius
581 3092 695 3164 vitam
722 3093 754 3162 S.
781 3091 953 3188 Stephani
973 3091 1067 3190 regis
1091 3091 1128 3162 in
1159 3089 1265 3158 Hun-

188 3195 285 3296 garia
313 3190 464 3290 scripit,
491 3214 727 3270 concurrunt.
755 3287 759 3294 ⁵
779 3191 847 3267 vel
860 3197 971 3298 igitur
991 3182 1218 3272 carthuitius
1239 3211 1264 3264 e

188 3297 342 3374 Siluellri
379 3291 505 3372 litteris
543 3303 720 3400 quaedam
750 3295 884 3400 hausrt,
923 3297 984 3375 vel
1012 3295 1270 3374 eCarthuitio

186 3399 341 3479 Siluestri
356 3397 497 3478 litterae
514 3403 595 3480 sunt
614 3403 843 3505 composrtae.
897 3407 968 3482 Sed
991 3403 1168 3506 componi
1182 3423 1264 3474 non

185 3527 401 3613 poterante
435 3509 658 3607 Carthuitiu,
699 3510 764 3610 qui
807 3533 876 3587 nec
912 3507 1070 3588 siluestri
1101 3530 1269 3599 nomen,

190 3639 259 3692 nec
286 3613 351 3690 alia
384 3613 518 3716 multa,
546 3641 640 3714 quae
668 3614 797 3690 litteris
817 3613 885 3695 illis
910 3617 1167 3714 continentur,
1204 3611 1272 3684 ha·

192 3721 264 3798 bet.
317 3731 399 3800 Nec
425 3745 469 3798 ex
496 3717 652 3822 epistolis
679 3723 846 3820 Gregorii
872 3726 952 3798 Vll.
985 3745 1080 3824 quae
1108 3717 1269 3902 pugeio·

1077 3827 1149 3904 cho
1199 3863 1217 3884 ·

312 3911 322 3924 h

611 3930 614 3940 r

54 3983 68 3996 κ
187 3959 301 3980 *ιι
497 3957 684 3974 -n-nn--n-
1065 3951 1264 3985 m

158 4068 164 4076 »
231 4027 279 4112 (a)
301 4031 366 4092 m.
387 4029 438 4096 101,
464 4029 492 4112 s.
512 4027 580 4091 tn.
624 4028 669 4111 o)
691 4029 753 4098 vo.
773 4031 806 4098 s.
826 4023 929 4112 steph.
952 4045 985 4090 n.
1004 3983 1080 4114 us·
