2738 4304
482 222 625 302 aar
676 225 704 306 1.
950 181 959 192 ⁴
1039 236 1088 320 aa

49 397 111 476 aa
136 387 233 472 beati
262 393 360 502 regis
387 395 519 491 amieo,
553 395 730 474 Romanae
756 391 947 504 dignitatis
980 393 1147 504 angusto,

50 493 215 580 litarito
239 497 324 596 Pio,
356 497 549 578 Cionradeent
575 507 817 604 imperatoriae
840 501 1032 610 dignitatis
1056 527 1146 582 coto·

53 637 146 688 taam
162 626 228 710 per
257 604 513 688 Germanorum
533 605 728 694 eleiiiontne¹
748 601 935 712 affleraere,
963 615 1051 714 qni,
1090 609 1145 686 de·

43 713 185 819 sitreiia
201 717 309 816 pacis
338 706 617 818 tranquillitate,
644 720 753 793 totius
794 707 998 792 iiieotoniae
1038 733 1144 790 maaet

56 820 279 917 toedmata,
314 817 515 896 Pannoniae
538 825 702 896 terminos
726 812 892 918 hostiliter
923 838 1065 896 conatus
1099 814 1145 922 est

52 925 235 1004 inuadere.
292 921 423 1002 Contra
451 948 549 1030 quern
573 941 663 1024 reat,
691 915 878 1025 confiderent
911 921 1042 1003 itabens
1076 932 1144 1029 epi·

42 1028 237 1138 stipatum
261 1052 297 1106 et
348 1035 541 1132 rincipom,
569 1029 619 1107 ad
647 1029 810 1108 tuendam
831 1035 993 1133 patriam
1027 1059 1144 1107 arona·

52 1161 109 1216 ros
137 1143 252 1217 toties
325 1143 495 1242 ungariae
525 1142 701 1212 extraxit.
754 1135 859 1214 Prins
895 1157 1013 1212 tamen
1050 1162 1143 1214 reco-

55 1237 215 1344 Ien5,fi
234 1235 330 1320 aion
344 1235 437 1347 poffe
460 1238 538 1343 stne
565 1237 693 1344 Christi
707 1233 887 1348 fiefftagie
899 1301 910 1340 ,
954 1265 1077 1320 raanan
1107 1262 1143 1318 et

55 1371 118 1424 eor
142 1349 262 1424 nouas
286 1343 339 1422 ad
357 1344 521 1446 aethera,
549 1345 707 1424 dominae
725 1341 837 1446 suae,
866 1363 1051 1450 perpetuat
1072 1354 1145 1425 oir-

55 1459 160 1560 gini,
188 1447 293 1528 DEI
309 1443 502 1561 genitrici,
530 1459 639 1528 matri
659 1451 747 1553 snas
789 1457 939 1529 iniurias
976 1476 1141 1529 commen-

57 1561 171 1654 dans,
197 1554 305 1636 talem
330 1566 445 1662 erupit
471 1564 510 1634 in
536 1581 670 1636 vocem:
704 1609 725 1651 .,
748 1561 782 1632 Si
814 1558 931 1658 piacet
961 1557 1047 1654 tibi,
1074 1559 1141 1632 do·

58 1719 85 1760 „
111 1667 214 1738 mina
233 1667 391 1760 mundi,
417 1684 501 1738 tuae
529 1683 671 1766 partem
698 1665 907 1740 hereditatis
927 1664 971 1736 ab
987 1665 1142 1738 inimicis

60 1817 87 1859 „
114 1767 316 1866 deuastati,
342 1788 380 1845 et
406 1767 591 1851 nouellam
616 1769 881 1870 plantationem
901 1765 1140 1843 Christianita-

59 1921 86 1964 ‚,
109 1879 156 1950 tis
180 1873 337 1962 aboleri5
363 1897 442 1948 non
470 1897 595 1973 meae,
622 1899 786 1978 precor,
822 1875 1023 1972 imputetur
1057 1873 1142 1947 deso

62 2029 88 2070 ‚,
111 1984 219 2072 diae3
263 1973 320 2054 sed
353 1981 475 2081 potius
495 1973 715 2082 dispositioni
748 1975 948 2054 voluntatis
968 1999 1062 2056 tuae.
1102 1987 1140 2058 Si

62 2133 88 2174 „
114 2085 263 2190 pastoris
290 2083 396 2188 eulpa
421 2085 508 2188 quid
536 2107 719 2174 meretum
755 2083 834 2186 ¹ipse
855 2081 950 2160 luat:
994 2087 1143 2182 insonti·
1205 2144 1208 2153 .

64 2243 89 2282 „
116 2197 186 2268 bus
213 2214 350 2294 parce,
378 2215 526 2292 precor,
555 2191 736 2268 omnibus.
754 2210 777 2246 ‘⁸
809 2185 889 2299 ,ins
904 2191 1029 2292 ditiis,
1046 2190 1154 2301 anefi

66 2297 258 2402 tonsohtter
283 2293 327 2374 ab
357 2289 431 2401 ipfie
442 2353 455 2394 ,
471 2295 688 2400 fiducialiter
708 2295 869 2398 adreersns
885 2295 989 2401 iaostes
1005 2309 1073 2378 iter
1088 2331 1145 2379 at·

66 2413 185 2510 tipuit.
241 2402 370 2482 Altera
394 2424 477 2480 enon
499 2403 554 2482 die
576 2411 723 2482 nuncios
738 2402 788 2478 aei
799 2403 1145 2510 onomqneneqnedn·

67 2539 136 2590 tem
165 2509 447 2607 Germanorum,
473 2531 507 2588 et
536 2518 575 2588 in
606 2507 717 2609 tolita
751 2507 1056 2607 Titeotonieornna,
1096 2509 1144 2590 ab

69 2627 272 2722 imperatore
298 2620 414 2713 venit,
441 2621 502 2720 qni
527 2621 575 2692 eis
593 2612 754 2692 redeundi
783 2617 986 2694 rnandotnen
1009 2615 1146 2697 detulit.

72 2763 117 2782 -
144 2721 342 2824 Imperator
370 2745 471 2817 vero,
497 2713 641 2822 fieortoa
668 2744 743 2798 tarn
763 2721 951 2825 'repentina
976 2731 1145 2826 perterri-

27 2859 29 2922 ἢ
69 2851 123 2906 ner
148 2827 334 2931 desidiam
348 2885 360 2925 ,
373 2821 584 2927 sciscitans,
611 2826 774 2934 qualiter
794 2854 848 2906 res
868 2830 975 2930 satia
997 2831 1145 2929 fimi&

29 2939 33 3042 ³,
69 2961 169 3038 qnam
198 2938 366 3009 nanctum
392 2929 589 3034 reuetstoni's
623 2961 735 3015 eorum
775 2961 843 3010 non
871 2931 978 3033 finem
1003 2933 1147 3040 firiffe,

31 3053 33 3092 ³
70 3047 239 3122 veracitet
247 3033 387 3135 stiret5
408 3055 476 3138 per
498 3039 671 3142 confilium
699 3037 921 3134 diuinitatis,
948 3035 998 3114 ad
1032 3062 1160 3116 torro.

32 3139 35 3188 ἕ
70 3143 256 3222 inondant
269 3139 457 3243 fideliffieai
480 3145 576 3250 regis
592 3139 696 3246 spem
710 3203 721 3242 ,
736 3143 879 3243 fatiant
907 3167 976 3242 non
1004 3139 1143 3224 dabita-

74 3259 144 3344 reit,·
157 3241 270 3354 sique
294 3243 415 3328 dehine
441 3245 487 3326 ab
513 3251 596 3327 inno
612 3275 686 3326 tone
713 3251 816 3356 regni
833 3253 925 3345 eius,
951 3255 1074 3326 timore
1088 3259 1140 3329 iu·

74 3355 150 3435 dieis
175 3359 317 3432 aeterni
347 3365 526 3449 retentat,
553 3353 733 3458 abstnnit.
793 3352 974 3430 Dubitant
1001 3353 1142 3458 aliqui,
1194 3405 1234 3454 ,2

74 3485 151 3538 num
179 3461 360 3538 candidae
387 3461 471 3536 huic
498 3463 689 3538 carthuitii
726 3461 922 3541 narrationi
958 3461 1048 3538 fides
1082 3467 1141 3536 ad-

79 3564 180 3643 hiberi
205 3549 335 3665 poffit5
361 3569 463 3666 quod
488 3569 643 3672 prodigii
670 3567 776 3642 huius
804 3564 937 3665 Wippo
966 3591 1041 3642 non
1070 3591 1143 3658 mee

79 3675 226 3748 minerii.
278 3661 334 3744 At
356 3693 401 3747 ex
426 3675 504 3746 eius
526 3695 674 3774 quoque
704 3675 823 3750 verbis
849 3669 973 3774 coiiigi
1002 3673 1141 3773 potest,

77 3795 136 3874 ope
162 3774 308 3857 caelesti
342 3773 423 3852 belli
456 3783 652 3878 perniciem
689 3779 731 3851 ab
770 3779 948 3882 Hungaris
986 3777 1141 3854 auersam

78 3879 150 3980 effe,
174 3903 380 3986 precesque
399 3887 543 3985 potius,
571 3903 654 3959 cnm
675 3883 817 3960 ieiuniis
841 3881 1009 3983 inesrCias,
1033 3905 1144 3982 quam

81 3983 196 4066 fluuios
224 4007 266 4062 et
291 3985 415 4087 linas,
442 3995 640 4072 exercitum
667 3988 825 4068 Conradi
841 3983 966 4070 ffinffe.
1021 3987 1146 4062 Plures

119 4093 212 4200 Epit.
238 4089 364 4176 Giton.
383 4095 467 4191 BL
679 4097 744 4180 F.
995 4095 1095 4170 enim
1235 4123 1244 4138 ¹
1284 4169 1294 4184 ,

1339 1419 1342 1470 i
