2800 4304
527 217 795 296 REXIX
884 309 901 326 Ἰ
1077 238 1153 320 ης

122 413 159 472 sc
186 383 353 487 bospisuns
380 391 632 468 canonicorum.
684 391 803 464 XXIX.
829 383 888 464 De
905 379 1079 466 ,libertate
1109 410 1211 468 cans·

124 501 303 590 nieorum,
330 513 364 570 rs
376 490 462 602 filiis
481 519 616 590 eorum,
646 514 731 569 ante
752 493 1007 570 canonicatum
1028 490 1204 594 susceptis.

124 605 230 676 XXX.
255 595 313 674 Dc
330 591 447 695 lisseio
465 625 533 675 non
558 598 774 678 ordinandis.
825 599 946 678 XXXI.
974 595 1031 671 De
1046 593 1207 698 stocerdo·

123 703 241 804 sibus,
269 722 351 782 ante
376 701 851 806 presbyteratumoxoratis.
903 705 1038 782 XXXII.
1065 699 1124 780 De
1147 705 1208 784 cle·

125 817 211 888 sicis
238 832 307 884 non
336 809 540 888 oxorandis.
591 813 747 916 XXXIII.
771 809 829 888 De
842 802 1026 896 =oocoribus
1050 807 1209 909 episcopo·

128 917 226 1012 raon,
253 908 410 991 dimiffis.
458 920 614 994 XXXIV.
642 914 699 1011 Dc
716 911 1036 992 exdommunimcis.
1069 919 1207 994 XXXV.

103 1032 106 1040 '
134 1018 207 1102 We·
226 1015 372 1106 debeant
396 1015 530 1127 miffam
555 1018 736 1102 celebrare.
778 1024 912 1096 XXXV
915 1023 942 1094 I.
970 1015 1059 1098 Item
1081 1019 1122 1094 de
1147 1018 1208 1096 ab·
1331 1019 1336 1036 '

128 1123 281 1206 batibus.
332 1129 503 1202 XXXVII.
530 1126 589 1206 De
612 1126 735 1210 iisdem
765 1123 966 1204 abbatibus.
1019 1129 1209 1202 XXXVIII.

127 1229 188 1308 De
212 1228 336 1310 eisdem
358 1228 556 1324 abbatibus.
608 1237 756 1308 XXXIX.
786 1229 844 1308 De
866 1229 1068 1308 ordinandis
1094 1255 1209 1306 enona-

128 1331 214 1414 c'bis.
264 1339 337 1411 XL.
363 1335 420 1414 De
446 1334 526 1433 blo,
554 1345 615 1444 qui
645 1331 803 1416 monacbi
831 1333 990 1414 inlitam
1023 1341 1211 1436 accipiunt.

128 1445 220 1516 XLI.
256 1438 313 1518 De
348 1449 567 1520 conuentione
603 1440 787 1522 oblationis
815 1463 879 1546 pro
912 1436 1033 1544 sneffio,
1058 1467 1101 1518 ae
1124 1437 1211 1540 fiiis,

126 1551 233 1624 XLII.
261 1544 318 1622 De
342 1575 410 1627 non
436 1547 603 1648 emendis,
628 1549 688 1626 vel
700 1545 885 1625 vendendis
903 1543 1055 1647 scelestis.
1082 1549 1210 1620 XLIII.
1261 1630 1268 1648 .

126 1649 187 1728 De
209 1649 378 1745 baptismo
410 1675 444 1730 et
458 1649 649 1755 sepultura.
701 1657 825 1730 xLIv:
860 1649 918 1726 De
937 1648 1211 1753 festiaioars'bas.

125 1761 233 1834 XLV.
262 1753 318 1833 De
343 1759 493 1854 iudicio,
520 1759 707 1862 quomodo,
732 1759 794 1836 vel
813 1753 948 1861 quando
969 1755 1050 1838 dari
1075 1753 1207 1847 debeas.¹

125 1866 251 1937 XLVI.
279 1862 384 1968 Quid
395 1871 433 1944 in
453 1865 537 1942 eccle
550 1893 586 1941 aa
601 1865 673 1973 legi
687 1865 745 1941 vel
756 1857 893 1948 cantari
910 1857 1040 1944 debeas.
1068 1863 1215 1934 XLVII.

129 1965 306 2070 Quomodo
333 1975 372 2046 in
402 1969 568 2049 Kalendis
603 1992 636 2047 es
672 1975 840 2058 conuiuiis
864 1971 1043 2054 conuiuari
1074 1963 1213 2048 debens.

128 2073 288 2148 XLVIII.
314 2073 372 2151 De
397 2074 518 2154 eodem.
571 2077 689 2162 XLlX,
717 2073 776 2150 De
807 2070 927 2148 eodem.
980 2078 1022 2148 L.
1042 2070 1117 2159 ,De
1153 2069 1209 2146 do·

127 2173 243 2255 ossibus
266 2177 582 2280 poenitentialibus.
632 2187 691 2260 LI.
718 2177 776 2272 De
801 2175 974 2280 maleficis.
1034 2181 1112 2252 LII.
1152 2173 1211 2251 De

130 2279 344 2384 sccustosione
368 2309 402 2380 ss
421 2285 603 2389 accsofiosis.
653 2290 748 2361 LIII.
776 2281 833 2360 Ila
852 2278 1072 2381 mulieribus,
1093 2303 1123 2358 'a
1138 2307 1214 2356 ma·

129 2395 214 2465 ritis
232 2389 473 2497 fugientibus.
525 2397 618 2469 LIV.
660 2391 719 2469 De
751 2389 933 2496 bigamia,
962 2387 1210 2466 occiduorum
1358 2409 1363 2414 ·

130 2493 190 2570 vel
211 2495 468 2595 repudiatarum
495 2503 597 2576 viris.
649 2503 726 2572 LV.
770 2497 810 2573 Si
842 2492 1035 2596 presbyteri
1072 2489 1213 2599 bigami

131 2601 303 2698 recipiant
329 2601 495 2694 ordines.
527 2607 622 2690 Lvs.
648 2600 708 2678 Do
723 2599 961 2703 presbyteris,
998 2604 1060 2701 qui
1091 2621 1210 2672 concu-

131 2695 234 2780 binas
255 2701 396 2784 babens.
420 2711 531 2808 LVII.
562 2703 614 2792 Vt
631 2711 789 2794 canonici
806 2703 961 2812 regalem
963 2699 1068 2804 fleam
1075 2697 1212 2802 sciant.
1318 2711 1321 2716 “

129 2811 255 2887 LVIII.
284 2809 342 2890 De
356 2811 508 2909 clericis,
530 2827 595 2909 pro
604 2811 712 2912 flecto
729 2805 910 2910 neceſsarii.
962 2811 1053 2882 LIX.
1081 2803 1139 2884 De
1155 2825 1212 2882 ta·

128 2909 301 2996 berneriis
335 2915 478 2994 clericis.
547 2919 621 2994 LX.
662 2911 719 2992 De
752 2911 955 3016 cestirosoniis
998 2911 1210 2988 clericorum.

20 3069 22 3084 .
130 3021 219 3094 LXI.
250 3021 309 3098 De
341 3019 503 3115 ludaeis,
545 3027 604 3124 qai
638 3013 855 3121 Christianos
889 3014 1018 3107 babens
1041 3013 1213 3120 fhmulos.

22 3715 24 3797 I

129 3127 237 3204 LXII.
263 3126 322 3203 De
345 3125 486 3205 derisoris
513 3125 726 3204 clericorum.
775 3129 900 3206 LXIII.
946 3122 1003 3200 De
1034 3117 1207 3200 arcbidia·
1240 3111 1247 3125 ⁶

130 3238 233 3318 conis.
285 3236 409 3311 LXIV.
451 3230 510 3310 De
532 3225 741 3332 presbyteris
775 3249 809 3306 cs
831 3227 950 3326 seruis
986 3225 1209 3330 ecclefiarum.

127 3339 234 3417 LXV.
254 3336 311 3420 Da
325 3336 582 3458 congregandis
596 3335 728 3414 clericis
742 3331 1214 3440 adsteniiamsynodum.(o)

149 3500 155 3564 ἓ
258 3511 311 3584 A.
341 3509 378 3602 C.
409 3531 521 3610 1113,
552 3506 620 3603 Col.
651 3519 711 3598 18.
738 3507 815 3590 lnd.
843 3516 878 3588 6.
904 3505 946 3586 P.
972 3515 1009 3586 6.
1035 3509 1087 3586 A.

96 3665 105 3682 ’
226 3683 381 3760 CXCVI.
407 3687 496 3760 Fata
516 3683 588 3756 iam
613 3639 672 3760 sui
686 3683 819 3759 ducem
837 3678 989 3768 Almam
1008 3683 1211 3782 vigebants

137 3783 327 3889 postquam
354 3787 451 3866 nulla
478 3784 672 3972 Colomgni
698 3791 870 3888 patientia
899 3787 1055 3890 corrigi,
1082 3811 1212 3889 regno·

668 3914 690 3989 3

23 4017 25 4067 ²
147 4087 155 4108 .
178 4073 227 4162 (¹)
249 4075 324 4143 mg,
349 4075 425 4159 cm.
443 4075 484 4144 τ,
500 4077 556 4148 us
576 4099 606 4162 o·
624 4087 801 4161 280-331·
