2738 4304
480 203 635 286 'REX
686 213 783 290 IIL
1046 227 1144 306 105-

91 381 133 458 ln
156 377 255 454 Petri
275 376 454 456 ministros
478 400 516 456 et
538 381 698 458 fautores
721 383 867 457 barbare
893 377 1027 454 laeuiit.
1087 376 1175 482 Ipfis

79 481 228 590 fhttHis
247 484 529 592 quadragestmae
551 488 693 586 diebus,
721 492 839 590 inquit
862 493 894 560 S.
919 484 1070 560 Gerardi
1100 489 1175 560 bio-

96 594 282 696 graphus,
309 593 380 689 (a)¹
393 587 629 693 ioussiffirrros
661 621 809 700 quosque
829 591 891 694 firi
918 589 1047 696 constiti
1080 599 1176 668 viros

82 694 240 803 sudibus
262 697 434 798 aepulis,
454 699 599 802 perinde
616 721 658 778 vt
682 699 859 778 immunda
871 717 1021 804 petora,
1046 693 1178 800 interfi-

96 829 174 880 cere
198 829 269 882 nort
293 799 482 883 dubitauit.
534 811 633 882 Haec
660 808 880 906 biographus
912 821 997 877 ante
1030 827 1178 878 corona-

95 912 245 984 tionem
265 910 369 984 Abae
397 929 515 984 narrat
526 936 540 998 5
584 911 642 986 sed
668 908 821 986 caulium
841 904 1011 1006 nullam,
1037 923 1101 981 cur
1126 911 1178 982 ita

93 1011 297 1112 ¹crudeliter
325 1013 509 1115 laeuierit,
536 1014 695 1122 affignat.
721 1019 917 1119 Turotzius
931 1009 1085 1088 caulam
1102 1017 1180 1115 qui·

96 1123 186 1196 dem
214 1119 369 1196 exsertae
387 1120 607 1198 crudelitatis
623 1113 764 1210 innuit3¹
790 1121 848 1198 sed
878 1141 916 1198 et
951 1137 1097 1220 tempus
1125 1121 1180 1194 rei

97 1222 220 1328 gestae
243 1222 455 1327 confundit,
484 1247 522 1303 et
540 1227 705 1306 adiunlia
729 1229 906 1328 quaedam
930 1228 1049 1300 minus
1066 1227 1179 1300 credi·
1247 1289 1252 1296 .

96 1327 185 1406 bilia
207 1335 403 1420 narrationi
433 1335 518 1409 huic
543 1335 669 1412 inserit.
721 1333 784 1410 Ex
809 1329 913 1430 linc,
938 1333 1079 1430 inquit,
1116 1327 1178 1428 (b)
1205 1400 1206 1414 ,

96 1462 168 1514 rex
188 1431 279 1512 Aba
292 1495 304 1535 ‚
318 1434 514 1536 securitate
535 1460 699 1544 accepta,
712 1441 836 1542 fhiircs
866 1429 924 1542 est
938 1431 1105 1538 insilens:
1141 1455 1176 1512 et
1281 1459 1285 1468 ¹

99 1546 214 1644 coepit
243 1541 426 1622 crudeliter
437 1543 578 1644 firmite
599 1553 637 1624 in
652 1543 856 1652 ilungaros.
911 1538 1178 1620 Arbitrabatur

97 1653 215 1748 mito,
242 1647 336 1750 quod
356 1656 471 1730 omnia
498 1657 691 1732 communia
709 1651 811 1762 ψη
837 1648 986 1726 dorninis
1007 1672 1084 1722 tum
1101 1643 1177 1746 ser·

100 1761 168 1832 ais.
225 1755 297 1828 Vix
321 1757 430 1856 Aba,
457 1783 611 1862 magnae
632 1761 782 1850 ditionii
803 1757 995 1849 dominus,
1022 1754 1110 1826 haec
1127 1775 1180 1822 ar·

1 1863 2 1930 Ῐ
102 1861 257 1936 bitratus
277 1855 395 1936 fuerit.
445 1867 515 1942 Vix
532 1865 684 1943 rusticos
702 1889 787 1939 cum
809 1857 1012 1954 nobilibus,
1039 1877 1059 1927 e
1087 1879 1179 1954 quo·

1 1991 2 2002 ¹
102 1989 184 2038 rum
213 1962 506 2070 praecipuitate
530 1969 667 2068 fuerat,
695 1972 771 2070 pari
791 1964 875 2040 loco
896 1963 1068 2038 habuerit.
1094 1967 1178 2035 Hoc

101 2071 147 2154 td
171 2067 352 2148 summum
381 2073 455 2151 dici
483 2073 621 2178 pollet,
659 2078 779 2154 Abam
815 2069 961 2174 plebeiis
994 2069 1181 2170 benignio-

1 2255 2 2262 Ν
101 2199 182 2253 rem
210 2198 252 2250 ac
286 2173 506 2280 faciliorem,
532 2207 643 2283 quarn
681 2177 821 2256 nobiles
859 2171 1017 2272 vellent,
1054 2171 1179 2256 luillet

1 2290 2 2320 ³
100 2273 255 2362 fortaffis
282 2286 390 2362 etiam
412 2287 562 2367 hancei
585 2287 789 2366 facilitatem
814 2283 940 2380 Abte,
965 2277 1024 2354 seu
1054 2281 1178 2381 partit,

102 2383 384 2486 appellationem
421 2391 630 2470 conciliasse.
697 2391 869 2496 Hungari
906 2411 987 2466 vero
1022 2383 1181 2478 nobiles,

100 2496 223 2594 pergit
244 2498 460 2594 Turotzius‚
488 2500 638 2578 nolentes
663 2498 703 2575 id
715 2495 905 2598 sustinere,
932 2533 982 2554 -
1010 2488 1182 2595 conspira-

1 2610 2 2626 ’
101 2619 228 2676 went
249 2618 285 2674 et
311 2609 597 2700 emarcuerunt,
624 2617 665 2680 v't
698 2600 808 2706 ipstcm
835 2596 1037 2677 occiderent.
1090 2595 1180 2696 Qui·

105 2701 186 2785 dam
209 2723 330 2782 autore
350 2733 396 2784 ex
413 2707 494 2810 ipfis
514 2707 709 2812 notificavit
725 2714 804 2814 regi
819 2711 857 2782 in
875 2728 988 2781 necem
1010 2709 1080 2780 eim
1102 2727 1179 2776 con·

102 2813 261 2906 iuratos,
289 2838 337 2887 ere
362 2811 488 2919 quibus
508 2841 583 2912 eos,
609 2839 694 2922 quor
710 2818 851 2916 potuit,
877 2829 993 2915 captor
1008 2813 1105 2912 fecit
1126 2813 1179 2922 irt-

104 2913 243 3015 infici,
260 2915 340 3016 stne
353 2917 477 2996 iudicii
495 2922 663 2996 examine.
690 2959 742 2982 -
770 2917 890 3023 Quum
909 2921 1000 2993 enim
1014 2939 1081 2990 rex
1099 2935 1181 3013 qua·

101 3016 167 3097 dra
195 3019 336 3120 esiirtcm
370 3021 565 3127 &cardini
582 3022 766 3101 celebraret
775 3051 792 3116 ;
818 3026 856 3098 in
886 3019 1003 3097 eadem
1032 3014 1180 3122 quadra-

99 3047 232 3230 gestiat
260 3133 403 3214 circiter
426 3138 602 3230 torrites
627 3127 774 3224 nobiles,
795 3121 868 3222 fieb
889 3142 1082 3227 praetextu
1106 3145 1181 3196 etn-

91 3231 261 3332 filiandi,
303 3240 342 3313 in
367 3235 516 3342 quedam
541 3235 638 3314 domo
665 3232 850 3328 conciuit,
880 3251 914 3308 et
944 3223 990 3304 ab
1030 3231 1180 3304 armatis

101 3333 279 3416 militibus
288 3341 387 3439 fecit
408 3367 463 3420 ros
485 3337 708 3440 obtruncari,
735 3341 1003 3433 terreturiis,
1029 3359 1090 3411 nec
1105 3357 1182 3410 con·
1316 3387 1322 3395 -

90 3441 210 3548 feffits-
273 3443 372 3546 Vnde
400 3445 447 3524 B.
479 3445 680 3542 Gerardus,
710 3439 954 3544 &aradiensis
993 3437 1212 3544 episcopor„

100 3555 272 3628 canonica
285 3547 478 3652 seueritate
508 3579 623 3660 regem
654 3555 847 3654 corripuit,
875 3568 909 3624 et
936 3553 968 3624 ei
988 3543 1182 3649 periculum
1321 3544 1322 3552 '

101 3657 287 3732 burninere
305 3659 503 3762 praedixit.
555 3660 642 3734 fluis
662 3659 808 3755 credat,
837 3655 956 3730 Abam
976 3673 1061 3727 ante
1078 3673 1183 3727 coro-

80 3762 298 3874 ‘nationem
322 3783 512 3846 contemtu
537 3785 758 3866 procerum,
800 3783 956 3866 quorum
983 3755 1117 3835 fauore
1132 3757 1184 3829 di-

1052 3889 1130 3967 8¹¹¹·

143 4083 190 4169 (a)
216 4079 290 4163 Cap.
316 4081 420 4145 XVII.
463 4080 507 4165 (i)
529 4080 637 4146 chron.
660 4079 832 4164 1³.11.eap.
860 4096 910 4166 37.
