2754 4306
236 159 312 248 3st
521 109 947 247 anaaicvs

187 308 318 420 filiam,
346 322 513 396 Emerico
535 325 693 422 primum
711 277 918 424 desponsam
935 321 1034 399 fuisse
1055 323 1177 400 censet
1187 329 1269 422 ,(o)
1363 285 1364 300 ξ

185 425 363 528 persuasus
387 425 542 525 litteris,
571 429 614 502 ab
643 433 861 532 Innoceptio
875 467 877 474 a
891 435 951 502 ΙΙΙ.
993 432 1066 505 hoc
1090 455 1190 506 anno
1209 435 1272 508 da·

182 537 251 630 tia,
277 532 411 634 quibus
431 529 481 606 iili
505 534 688 609 bonorum
716 529 1009 634 amplissimorum
1035 535 1268 612 securitatem

184 641 333 712 addicit.
387 644 486 714 Haec
519 636 577 713 ille
605 658 712 739 putat
742 643 787 714 ab
816 645 985 716 Emerico
1013 643 1099 716 huic
1132 641 1266 719 Aiifiae
1363 735 1364 740 Ἰ

184 747 268 818 data
296 747 394 820 dotis
420 741 553 832 caussa3
580 742 637 820 sed
662 744 754 818 nihil
784 749 890 818 iniis
921 744 1048 821 litteris
1078 751 1266 846 occurrit,
1363 797 1364 838 i

81 927 86 958 J
181 852 278 956 unde
307 854 378 930 hoc
409 845 530 953 colligi
552 845 673 950 possit.
723 853 969 952 „cognationis
989 855 1098 954 igitur
1121 857 1264 953 potius,

81 959 83 962 ’
183 981 294 1057 quarn
321 959 416 1031 dotis
442 952 583 1052 caussa,
613 958 708 1030 bona
748 959 837 1032 haec
877 961 1063 1033 Emericus
1106 957 1265 1056 Alisiae,
1363 1003 1364 1018 κ

45 1155 53 1164 ἱ
154 1081 371 1160 ,tamquam
393 1059 473 1136 suae
498 1079 734 1160 materterae,
769 1065 920 1138 dederit.
989 1070 1073 1140 Nec
1098 1063 1199 1140 obest
1226 1063 1267 1138 il-
1363 1051 1364 1140 s

169 1167 251 1240 ¹lud
276 1165 468 1241 Godesridi
496 1169 689 1262 monachi,
718 1171 821 1270 quod
853 1171 956 1268 supra
976 1173 1165 1267 vidimus,
1196 1175 1266 1246 Be·

184 1267 258 1354 lam
295 1275 463 1348 Emerito
493 1269 611 1374 filiam
640 1279 813 1376 principiis
850 1273 1062 1354 Antiochiae
1101 1272 1265 1363 dedissea
1363 1359 1364 1366 ἵ

83 1449 85 1454 ,
181 1400 250 1450 nec
284 1381 382 1452 enim
424 1381 537 1473 dicit,
573 1377 670 1452 iliam
712 1388 890 1486 coniugem
926 1381 1093 1458 Emerico
1137 1384 1264 1454 datam

81 1479 87 1552 k
182 1478 281 1556 fuisse
290 1509 303 1570 3
353 1483 411 1559 sed
445 1487 566 1585 potius
591 1485 739 1582 innuit,'
785 1485 1030 1584 omninum,
1074 1505 1263 1584 tamquam

182 1587 263 1661 suae
288 1594 455 1692 coniugis
482 1588 668 1688 sororem,
705 1589 825 1666 alendi
848 1593 1096 1694 dotandiquc',
1132 1589 1260 1666 Belam

182 1691 258 1768 filio
296 1695 483 1798 reliquisse.
537 1701 634 1768 Haec
670 1695 792 1794 postca
836 1701 1003 1772 maritum
1041 1701 1261 1797 Amnem,

183 1801 430 1876 marchionem
461 1799 640 1878 Estensem
670 1803 796 1876 habuit
806 1829 819 1891 3
863 1806 929 1901 qui
956 1807 1027 1878 iam
1063 1825 1107 1878 ex
1146 1807 1264 1903 prima

181 1909 340 2007 coniuge
361 1905 494 1982 sustulit
513 1903 860 2004 aldebrandinum,
888 1910 946 1982 hic
987 1909 1095 1986 filiam
1126 1911 1264 1984 Beatri·

174 2033 287 2112 cem,
316 2039 425 2114 quam
454 2016 619 2088 Andreas
650 2017 695 2088 11.
722 2015 918 2116 connubio·
939 2013 997 2091 fibi
1023 2018 1149 2091 iunxit.
1168 2012 1228 2110 (b)

161 2273 163 2280 ,
188 2199 192 2208 Ι
278 2227 385 2302 CCC.
411 2227 483 2300 Etsi
508 2249 611 2326 reges
641 2230 845 2328 Hungariac
873 2225 980 2302 fixam
1010 2228 1076 2301 hac
1103 2229 1258 2326 periodo
1363 2255 1364 2306 ἢ

181 2329 300 2407 sedem
325 2355 398 2404 non
428 2332 623 2406 habuerint
631 2360 644 2420 5
671 2333 758 2428 sed,
790 2353 909 2431 ‘prout
939 2325 1124 2407 necessitas
1154 2337 1259 2432 regni
1363 2369 1364 2406 ;

183 2437 410 2538 postulabat,
437 2437 509 2509 huc
545 2433 627 2510 illuc
654 2441 939 2513 commeauerint
952 2463 965 2524 3
1006 2440 1180 2539 strigonii
1207 2457 1259 2510 ta·
1363 2449 1364 2470 ¹

44 2605 49 2613 .
184 2545 270 2618 me'n
287 2541 368 2616 illos
392 2543 551 2620 crebrius
575 2567 616 2617 ac
639 2543 830 2641 libentius,
858 2563 968 2644 quam
990 2542 1092 2639 alibi,
1108 2543 1259 2617 diuersa·

183 2669 242 2724 tos
267 2645 389 2746 fuisse,
430 2646 629 2748 diplomata
659 2650 807 2727 docent.
870 2655 1004 2748 Neque
1030 2668 1151 2723 tamen
1178 2649 1257 2724 istic

183 2753 340 2830 flabilem
366 2759 515 2830 eosdem
542 2753 660 2831 sedem
691 2753 817 2853 fixisse,
846 2775 946 2856 patet
964 2779 1008 2830 ex
1031 2757 1190 2830 Emerici
1205 2756 1258 2830 di·

181 2860 365 2962 plomate,
393 2886 468 2960 quo
496 2865 648 2935 domum
671 2865 806 2964 regiam
833 2859 1106 2960 archiepiscopis
1132 2862 1170 2934 in
1201 2883 1261 2936 ca·
1363 2913 1364 2988 i

180 2963 252 3042 stro
277 2965 509 3066 strigoniensi
542 2968 719 3066 donauit,·
744 2987 785 3040 ac
818 2969 919 3042 vsurn
956 2968 1143 3040 dumtaxat
1181 2969 1263 3044 eius

172 3089 241 3174 pro
276 3092 423 3176 tempore
447 3071 649 3171 neceffitou's
681 3074 741 3148 sibi
764 3070 989 3168 resei·'uauit,'
1025 3067 1144 3146 multis
1178 3069 1257 3145 aliis

178 3175 359 3252 fauoribus
386 3182 493 3280 regiis
520 3179 657 3254 eisdem
686 3183 724 3253 in
750 3180 839 3254 haec
865 3179 976 3252 verba
1007 3175 1164 3251 collatis:
1194 3175 1259 3277 (c)

167 3331 206 3370 .„
233 3286 440 3371 Emericus3
466 3287 514 3358 D.
534 3305 587 3384 gr.
612 3286 708 3388 Vng.
735 3282 853 3360 Dalm.
870 3285 1003 3357 ¹Croat.
1028 3289 1160 3356 Ramae
1179 3299 1258 3357 rex.

179 3434 203 3472 „
232 3429 285 3449 -
312 3395 370 3463 SS.
396 3413 459 3464 rex
477 3389 683 3488 Stephanus
708 3409 746 3465 et
771 3395 811 3464 B.
830 3387 1013 3463 Ladislaus
1034 3411 1096 3462 rex
1123 3421 1175 3442 -
1203 3411 1264 3466 or·

177 3541 204 3582 ‚,
232 3498 471 3593 dinauerunt,
497 3533 550 3556 ι-
589 3493 630 3568 iit
659 3498 704 3572 de
735 3496 906 3570 omnibus
932 3491 1172 3593 prouentibus
1206 3517 1264 3567 re·
1363 3503 1364 3574 i

178 3655 202 3693 ,‚
230 3591 372 3702 galibus
408 3633 460 3660 ··-
501 3623 563 3675 rex
598 3601 800 3703 Vagatiae,
842 3603 1067 3704 quicumque
1092 3594 1208 3776 firerg
1238 3623 1266 3672 a
1363 3577 1364 3616 ¹

1049 3761 1073 3800 ‚‚
1100 3705 1168 3778 na

180 3854 1131 3878 mmmm-*annnam
1140 3855 1266 3879 n
1279 3841 1283 3846 Ι

171 3981 172 3984 ,
220 3927 267 4004 (a)
290 3927 396 4008 Regin.
406 3925 510 4008 flung.
529 3951 558 4010 p.
572 3937 642 4013 163.
683 3931 728 4001 (b)
751 3931 829 3994 Hist.
842 3932 895 3995 Cr.
908 3934 946 4000 Τ.
960 3933 1015 4000 IV.
1029 3954 1059 4016 p·
1072 3945 1264 4020 ἥβῃ-499.

277 4008 320 4084 (c)
342 4008 397 4087 Ap.
412 4011 628 4094 Wagn.'Scep.
652 4015 687 4080 Ρ.
707 4015 730 4078 Ι.
751 4039 779 4098 p.
808 4035 873 4095 ap*
