2754 4306
217 189 311 286 3⁶2
484 155 894 264 uennrrr.
1202 239 1208 254 .
1346 263 1349 334 t

104 439 108 446 ,
170 353 367 442 ,Οτσεῐίειιη
393 353 636 437 administrare
656 363 805 462 coepit,
840 377 883 434 vt
912 379 934 432 e
958 353 1089 430 tabulis
1115 357 1270 432 laderti·
1347 374 1350 452 l

180 465 235 535 nis
258 458 463 562 intelligere
532 459 687 563 liumus,
714 487 867 566 quarum
893 461 1042 538 initium
1064 463 1115 534 ita
1143 461 1267 535 Faria-

179 587 240 639 tus
268 567 435 641 exhibet:
481 575 522 665 a)
549 625 572 662 „
590 575 704 648 Anno
727 587 838 664 1195.
858 571 931 644 ind.
960 589 1018 664 13.
1039 569 1184 666 laurae,
1211 592 1266 642 rc·

184 717 208 758 „
236 680 375 774 gnante'
396 679 445 750 D.
464 677 518 748 N.
537 671 645 772 Bcla,
671 679 768 780 Vng.
798 673 917 750 Dalm.
935 678 1068 748 Ramae
1090 695 1199 776 rege,
1229 692 1269 748 et
1350 704 1353 790 t

186 833 210 873 ‚,
237 781 396 878 Enrico,
423 783 500 870 eius
531 777 634 879 filio,
663 783 715 855 bis
732 797 930 874 coronato,
948 775 1067 854 Dalm.
1085 797 1124 854 et
1143 777 1268 854 Croat.
1353 812 1354 870 l

99 891 103 901 ‘
184 937 208 978 ,,
235 881 386 961 feliciter
413 887 647 986 gubernante.
676 892 754 948 ...u
808 885 881 962 Cur
897 887 1084 962 Emericus
1105 883 1268 974 secundo
1354 922 1355 964 t

185 1009 385 1066 coronatus
409 989 472 1086 fit,
497 993 678 1067 incertum
703 988 763 1067 est.
833 987 1013 1090 forcalle,
1040 1013 1156 1092 quum
1181 1009 1272 1066 atate
1355 1032 1356 1052 κ

183 1095 405 1173 decennium
437 1119 692 1198 coronaretur,
719 1093 835 1175 infans
862 1121 959 1184 erat3
997 1121 1096 1184 nunc
1128 1098 1269 1204 igitur,

186 1223 303 1302 quum
341 1199 413 1300 ipse
449 1199 668 1278 Dalmatiam
704 1221 742 1278 et
780 1201 960 1278 Croatiam
992 1203 1269 1304 gubernandam

30 1305 37 1315 '
185 1303 355 1406 suscepit,
380 1328 423 1382 vt
446 1309 485 1380 id
508 1311 643 1384 maiore
661 1331 746 1386 cunr
773 1311 947 1416 dignitate
970 1305 1178 1408 praestaret,
1205 1303 1271 1380 sol·
1307 1397 1313 1408 ·

77 1471 87 1493 x
184 1406 341 1486 lemnius
361 1414 597 1516 inauguratus
624 1411 705 1500 fuit.
755 1419 941 1491 incertum
973 1407 1083 1511 etiam
1113 1409 1184 1508 cll,
1220 1435 1270 1492 an

187 1512 316 1616 Alina,
341 1515 512 1624 principis'
537 1515 762 1607 Antiocheni
783 1517 876 1616 filia,
902 1515 1024 1622 sponsa
1046 1514 1105 1598 vel
1129 1519 1272 1612 coniux

53 1661 58 1680 =
188 1623 347 1700 Emerici
374 1629 470 1729 tegis
497 1645 580 1702 ante
614 1624 857 1714 Constantiam
882 1628 1105 1741 Aragoniarn
1135 1619 1273 1723 fuerit,
1361 1688 1362 1696 ,

188 1731 292 1832 quod
321 1727 432 1832 aliqui
455 1733 697 1838 contendunt,
728 1731 788 1832 (b)

271 1865 345 2024 Ἀ.
377 1943 416 2024 C.
447 1946 561 2042 11'96.
586 1907 661 2026 Bel.
687 1965 750 2044 24
777 1943 853 2024 lnd.
883 1963 942 2040 14
970 1939 1009 2019 P.
1037 1961 1099 2036 nt.
1128 1943 1182 2032 A.

288 2153 471 2231 certent.
496 2159 553 2231 Ex
581 2159 636 2232 his'
659 2159 913 2256 documentis,
939 2157 1070 2256 quibus
1087 2151 1173 2230 Belo
1184 2151 1274 2254 post
1303 2165 1307 2171 '

191 2283 330 2340 annum
369 2281 480 2354 1190.
509 2260 679 2361 superstes
702 2266 890 2374 innuitur,
936 2257 1161 2336 manifestum
1195 2257 1275 2357 est,

191 2389 309 2442 errare
329 2369 566 2463 Turonium,
586 2391 701 2468 quum
721 2371 798 2443 cius
822 2387 977 2445 mortem
998 2369 1052 2442 his
1064 2369 1164 2440 notis
1183 2385 1278 2440 tem·

193 2475 292 2578 poris
325 2469 503 2574 destgnat:
542 2479 598 2573 (c)
636 2473 817 2582 Regnauit
842 2463 958 2552 nutent
990 2469 1095 2551 annis
1120 2469 1278 2566 XXIII.

125 2597 129 2604 '
172 2569 420 2678 nauseatur,
444 2573 564 2674 diglat
595 2577 697 2658 XIX.
727 2575 950 2666 Obdrnnr'ut‘t
975 2583 1147 2678 uncertain
1166 2577 1278 2680 dorni·

32 2697 36 2704 ’
190 2711 236 2770 no
262 2709 352 2764 anno
381 2684 526 2770 eiusdem
556 2683 716 2764 MCXC.
745 2683 899 2764 kalendis
925 2683 1020 2786 Maii
1031 2741 1044 2782 ,
1073 2685 1176 2784 feria
1206 2706 1281 2777 rer-

192 2792 274 2870 tla.·
330 2793 483 2882 Annum
524 2789 593 2866 elie
636 2795 891 2892 corrigendum
931 2811 968 2865 et
1010 2789 1277 2880 rescribendum

189 2895 395 2978 Mexcvl
412 2915 488 2972 tam
509 2901 710 2973 chronicon
729 2887 1170 2998 'Glaullro-Ncoburgenle
1184 2917 1278 2992 cum
1315 2933 1318 2940 ·

193 3000 291 3098 aliis,
318 3023 428 3100 quam
460 3005 639 3098 Emerici,
667 3001 783 3078 Belae.
805 2998 1006 3074 successoris
1033 3023 1071 3078 et
1095 2999 1180 3096 lilii,
1209 3001 1279 3099 qui

190 3110 297 3210 regni
330 3105 379 3192 sui
414 3109 586 3206 quintum
614 3131 752 3186 annum
787 3124 898 3182 vocat
930 3107 1046 3186 MCC.
1073 3125 1112 3185 et
1137 3105 1277 3201 Meci,

66 3203 70 3212 ’
192 3211 392 3314 diplomata
416 3217 564 3300 docent,
615 3219 726 3290 Diem
750 3217 841 3299 item
863 3212 991 3304 meniis
1012 3211 1277 3313 corrigendum

168 3311 171 3320 ’
192 3317 280 3417 elle,
308 3313 513 3418 colligimus
534 3323 690 3422 oxfirt'a
707 3325 837 3414 tertia,
866 3341 960 3418 quac
973 3319 1048 3393 hoc
1067 3341 1166 3392 anno
1185 3339 1277 3390 cum

193 3421 349 3501 kalendis
374 3423 471 3500 Maii
486 3447 562 3526 non
582 3425 778 3503 concurrit.
833 3429 949 3498 Quare
969 3423 1209 3499 restituendus
1225 3417 1279 3496 cst

191 3533 272 3608 alies
298 3552 319 3602 o
342 3529 518 3602 clrronico
545 3531 726 3625 Rudent,
750 3531 852 3630 quod
877 3552 955 3602 non
983 3527 1139 3606 kalendis
1157 3527 1278 3623 Maii,

192 3631 253 3714 sed
278 3627 346 3720 IX·
374 3631 444 3710 kal.
472 3630 568 3713 Maii
599 3639 721 3715 habet.
789 3639 910 3710 fluum
934 3637 1036 3712 ,enim
1070 3637 1143 3710 hoc
1178 3655 1284 3718 anno

804 3759 807 3767 ’
1132 3737 1227 3820 litte·

238 3933 293 4015 td
314 3933 400 4013 lun.
418 3940 450 4005 s.
464 3941 504 4006 τ.
519 3942 577 4004 tv.
592 3963 621 4025 p,
635 3964 705 4023 με.
747 3945 793 4028 (n
816 3943 891 4024 uu.
904 3945 958 4024 cr.
979 3942 1017 4008 τ.
1038 3939 1095 4014 Ivi
1115 3961 1143 4026 n·
1166 3949 1292 4030 art·-

294 4031 365 4096 440·
410 4019 586 4112 (⁶)9h10n.
609 4025 708 4112 hil.
730 4047 802 4127 capt
819 4023 873 4106 ⁶9.
1175 4073 1177 4078 -
