2748 4300
189 181 280 257 ou
428 161 952 238 coronante

269 343 322 420 A.
353 328 534 422 Csttoo.
564 339 636 416 Col.
665 362 701 436 7.
729 337 806 418 Iud.
838 363 896 422 to.
925 338 965 417 P.
993 349 1031 420 6.
1058 337 1112 418 A.

245 516 425 590 CLXXXI.
454 517 660 620 Commodp
688 513 929 614 Colomanus,
966 511 1110 622 perlatis
1150 513 1236 622 legi·

141 623 221 694 'bus
246 623 417 722 optimis,
445 643 502 694 res
521 625 745 724 Hungaricas
767 613 972 722 composuit
979 646 994 709 3
1021 643 1138 724 quum
1159 623 1229 702 alio

148 750 251 802 curas
270 718 450 827 viresque
465 725 540 800 suas
568 747 781 802 conuertere
804 723 972 823 coasius,
995 721 1080 804 'non
1111 732 1231 808 minus

148 829 343 932 prospere,
371 857 481 933 quam
508 835 703 932 prudenter
735 837 887 908 Croatas
916 835 972 932 ad¹
990 829 1100 908 fidem
1126 858 1231 912 reuo·
1275 867 1281 876 ·

75 963 91 994 ⁴
148 941 257 1013 cauit.
309 936 476 1037 Plerique
507 939 601 1010 hanc
633 941 789 1036 primam
826 935 1021 1012 Colomani
1063 939 1156 1040 regis
1189 943 1228 1014 in

135 1041 334 1125 „Croatiam
363 1043 634 1143 expeditionem
665 1039 785 1140 firtffe,
814 1061 957 1142 putant.
994 1043 1103 1140 'Sed,
1132 1041 1230 1122 five·

143 1174 225 1224 rum
258 1148 327 1246 est,
373 1149 474 1252 quod
510 1150 786 1224 archidiaconus
820 1149 949 1244 tradit,
975 1147 1034 1246 (a)
1062 1143 1228 1224 Coloma·

142 1264 234 1330 'num
267 1251 449 1362 obtinuisti
476 1259 623 1329 ceteram
675 1275 787 1330 artem
820 1253 1044 1356 Schuoniae,
1086 1277 1228 1358 quota

140 1359 306 1441 Ladnlao
322 1362 407 1462 fuit
424 1270 698 1464 praetermtſjs3
723 1383 851 1434 verum
877 1362 987 1436 etiam
1014 1359 1104 1458 erit,
1128 1357 1227 1437 issam

144 1468 443 1568 expeditionem,
479 1489 552 1566 qua
581 1463 808 1538 Colomanus
846 1461 1122 1565 praetermissam
1147 1493 1168 1542 a
1191 1473 1226 1544 S.

141 1569 308 1651 Ladislao
333 1569 546 1646 Sclauoniat
570 1566 629 1644 seu
660 1571 826 1647 Croatiae
847 1589 988 1672 partem
1005 1569 1226 1668 obtinuerat,

141 1700 226 1754 ante
251 1680 349 1752 hunc
377 1701 513 1752 annum
541 1673 735 1776 susceptam
766 1673 876 1752 fuisse.
903 1681 985 1770 Nec
1006 1677 1104 1753 enim
1120 1675 1225 1751 aliam

146 1787 313 1860 croatiae
342 1805 481 1883 partem
506 1807 526 1856 a
554 1785 590 1854 S.
617 1779 784 1856 Ladislao
813 1777 1090 1884 praetermissam
1120 1781 1225 1857 intel·

145 1889 257 1992 sigere
287 1880 495 1990 possumus,
534 1909 645 1988 quam
677 1889 897 1962 maritimam
905 1913 919 1974 3
957 1909 1067 1987 quam
1100 1907 1225 1964 tamen

144 1997 343 2100 Hungarici
370 1997 456 2100 iuris
475 1989 574 2067 sitisse
596 1997 669 2066 iam
687 2017 785 2066 anno
807 2011 921 2088 1097.
946 2014 994 2066 ex
1020 1991 1226 2090 Gaufred0,

141 2101 312 2202 scriptore
335 2097 562 2199 synchrono,
591 2091 759 2172 uidimua'
786 2095 889 2174 Prius
917 2101 1028 2200 igitur
1059 2097 1228 2174 Coloma·

141 2231 211 2281 nus
254 2205 522 2306 expeditionem
561 2206 600 2276 in
641 2205 822 2302 Croatiam
859 2201 1029 2303 suscipere
1069 2207 1223 2300 debuit,

103 2301 106 2308 ’
141 2335 215 2413 qua
240 2305 513 2411 praetermissam
536 2305 632 2382 illam
659 2329 823 2408 partem,
849 2309 888 2380 in
905 2327 976 2409 qua
1003 2307 1222 2411 Belgradum

122 2436 242 2514 ferat,
270 2417 315 2490 ad
339 2415 471 2490 sacram
503 2415 710 2516 Hungariae
737 2437 911 2490 coronam
939 2415 1123 2490 adiecerit.
1157 2419 1224 2490 Re·

140 2525 294 2598 cedente
355 2523 488 2596 rimum
525 2515 757 2617 Colomano,
798 2519 971 2592 videntur
1003 2542 1066 2594 eae
1098 2540 1221 2620 partes

139 2631 271 2704 iterum
288 2545 473 2726 desecisse,
500 2623 649 2726 soloque
667 2643 802 2700 terrore
822 2627 1081 2728 Hungarorum
1097 2649 1224 2726 appro·

142 2735 400 2838 pinquantium
432 2735 477 2808 ad
501 2727 664 2809 officiunt
686 2725 862 2807 rediuiiie.
915 2735 1046 2832 fluum¹
1067 2734 1220 2831 primam

139 2841 180 2915 in
203 2842 386 2914 Croatiam
408 2839 680 2938 expeditionem
707 2832 932 2913 Colomanus
960 2835 1109 2938 suscepit
1116 2862 1130 2926 3
1147 2840 1236 2910 vim·

138 2943 243 3021 ilium
269 2941 436 3022 aduersus
464 2946 612 3016 Petrum
640 2939 860 3038 adhibuisse,
887 2945 1070 3018 vidimus:
1103 2967 1218 3044 quum

139 3047 308 3137 alteram,
337 3051 444 3124 armis
458 3048 624 3122 nondum
640 3043 770 3144 illatis,
798 3048 1024 3128 deditionem
1045 3049 1221 3143 Croatae,

140 3157 213 3252 srue
242 3159 306 3256 qui
338 3153 564 3252 defecerant,
591 3151 660 3228 stue
682 3155 745 3252 qui
764 3155 945 3254 Hungaris
970 3173 1073 3228 antea
1095 3151 1218 3224 senon

139 3261 381 3361 subiecerant,
409 3261 471 3336 sub
499 3260 605 3334 certis
632 3257 904 3334 conditionibus
932 3255 1105 3343 fecerunt.
1143 3259 1261 3328 An·-

139 3363 349 3466 tiquiffimas
383 3369 444 3444 has
472 3365 670 3441 deditionis
695 3359 832 3438 tabulas
863 3363 1035 3436 ‘rhomae'
1051 3359 1223 3438 archidia-

138 3497 254 3548 conus
283 3469 533 3566 conseruauit‚
560 3491 599 3542 ac
628 3469 674 3544 ad
704 3491 771 3542 nos
795 3466 868 3542 hoc
904 3467 1074 3568 exemplo
1112 3487 1226 3542 trans·

139 3579 249 3656 misit:
279 3575 340 3674 (bt
372 3576 595 3655 colomanus.
613 3571 718 3674 filius·
754 3569 974 3671 Vladr'slatn',
1015 3581 1112 3682 regis
1153 3569 1223 3648 Vn·

139 3691 285 3790 garine,
303 3680 406 3784 stans
428 3688 467 3759 in
492 3703 598 3786 regno
618 3677 688 3753 loco
711 3683 831 3781 patrii
846 3675 943 3780 ſsd5
970 3699 1005 3757 et
1033 3685 1115 3786 quia
1137 3675 1221 3753 mul·

1125 3803 1165 3862 {a
1229 3849 1233 3858 .

1029 3907 1220 3934 anaba-——ae

177 3949 321 4134 (appe
341 3960 442 4030 &ton
459 3965 531 4048 cop.
547 3965 646 4036 xv11.
688 3971 735 4048 u)
759 3967 819 4053 ap.
839 3968 1026 4036 umnam
1048 3964 1088 4032 τ.
1103 3961 1161 4027 111.
1184 3985 1211 4050 p
