2754 4306
238 203 320 284 mo
491 184 1007 274 nunnnnsrt

74 349 78 360 '
188 349 442 446 ,obtinenda
466 353 570 452 regni
608 373 747 428 corona
778 345 987 426 scandalum
1015 343 1056 420 stt
1083 347 1289 425 timentur

187 509 214 552 „
240 455 342 558 'quod
367 457 492 556 vtique
519 452 632 558 posset
655 455 793 534 facilius
817 455 991 555 suboriri3
1019 451 1042 525 sr
1066 473 1132 526 eos
1151 449 1278 524 diuer-

188 613 216 658 „
242 559 297 633 sos
325 583 560 640 coronatores
586 565 820 666 contingeret
844 563 1024 634 inuenire.
1051 595 1107 616 -
1131 593 1185 614 -
1212 561 1281 630 Su·

188 711 216 756 „
234 689 307 778 pet
336 658 545 770 episcopatu
567 675 721 770 'quoque
751 671 798 744 de
835 689 935 741 nouo
975 663 1134 770 creando
1172 664 1279 762 apud

187 815 215 860 ‚,
244 771 486 860 Cibiniensem
522 771 704 864 ecclesiam
741 779 781 850 in
818 768 1054 849 Vltrasrluana
1088 767 1280 862 dioeces,

187 919 214 964 η
243 879 309 978 qui
334 879 526 982 metropoli
545 879 735 958 Colocensr
760 877 956 976 subdantt,
984 877 1206 978 petitionem
1223 897 1281 948 re·

187 1038 216 1082 ‚‚
242 986 338 1085 giam
367 989 600 1088 nequiuitnus
623 987 805 1062 exaudite.
832 1023 884 1046 ·-
899 1001 922 1039 α
949 1005 1108 1082 nempe
1123 999 1281 1082 propter

188 1091 452 1192 praeiudicium
474 1089 532 1168 vel
558 1088 777 1194 apostolicae
795 1091 905 1190 sedis,
930 1087 988 1166 vel
1014 1091 1175 1190 strigon.
1196 1108 1278 1158 me·

189 1191 368 1294 tropolis,
397 1195 456 1273 vel
482 1196 707 1300 episcopatus
728 1191 1066 1272 Tranffiluaniensrs.
1130 1195 1173 1265 ln
1217 1189 1276 1264 his

187 1293 339 1397 litteris,
385 1299 432 1379 II.
455 1303 535 1382 idus
562 1303 670 1382 Febr.
704 1321 816 1408 pont..
839 1329 898 1380 an.
934 1296 1039 1380 XIV.
1072 1293 1276 1392 confectis,
1351 1359 1352 1370 ,

189 1405 413 1484 Bettholdus
443 1425 588 1486 tanturn
624 1409 745 1488 clodus
778 1401 933 1506 dit-itur,
960 1402 1010 1484 {vt
1037 1409 1076 1480 et
1107 1405 1144 1478 in
1178 1401 1273 1498 illis,
1351 1435 1352 1504 p

190 1511 326 1614 quibus
349 1511 455 1611 lites,
478 1519 576 1623 inter
601 1513 811 1618 episcopum
832 1509 1127 1616 vesprimiensem
1150 1529 1190 1584 et
1217 1509 1279 1580 ab·

191 1617 316 1693 batem
345 1625 380 1694 S.
411 1625 560 1700 Martini
600 1623 847 1698 discutiendae
879 1622 1185 1714 committuntur,
1201 1705 1207 1722 p
1226 1609 1275 1692 V.
1351 1629 1352 1690 l

191 1747 303 1804 nonas
331 1726 485 1828 Martii,
506 1745 603 1832 pont.
620 1754 680 1805 aa·
703 1722 788 1804 XV.
839 1725 1022 1801 Nondum
1045 1725 1164 1818 enim,
1181 1723 1274 1795 aeta·

190 1831 240 1903 tis
262 1851 328 1908 aut
355 1831 521 1913 scientiae
546 1831 712 1930 desediu,
739 1828 800 1908 vel
821 1829 1049 1908 constcratus
1070 1847 1161 1901 tunc
1180 1825 1274 1922 luit,

193 1933 257 2010 vel
284 1937 435 2038 palliu'm
459 1943 612 2042 accepit.
664 1943 721 2016 At
744 1941 784 2012 in
816 1962 862 2014 eo
897 1935 1123 2037 diplomate,
1168 1933 1272 2036 quod

191 2043 361 2118 Andreas
387 2046 568 2124 cruciferis
591 2044 745 2148 sepulcri
769 2044 945 2140 dominici
970 2043 1092 2137 dedit,
1119 2042 1193 2114 iarn
1215 2034 1274 2110 Co-

191 2145 332 2252 Ioce'nfis
358 2147 631 2258 archiepiscopus
657 2171 691 2228 et
716 2145 865 2228 vaiuoda
892 2147 1083 2234 scribitur3
1111 2151 1171 2245 (a)
1207 2139 1276 2216 Ro·

194 2247 316 2330 bertus
340 2257 474 2334 ibidem
509 2251 771 2360 Wsprimienfis
793 2259 924 2330 ceteris
954 2254 1131 2339 additur;
1171 2243 1276 2324 Bank

188 2355 396 2462 palatinus,
444 2360 607 2444 Micdael
632 2361 763 2460 banus,
806 2357 883 2436 Iula
909 2358 1055 2436 curialis
1081 2381 1200 2434 comes.
1224 2365 1279 2412 '-

197 2464 264 2536 His
282 2464 466 2548 adiicitur:
496 2467 665 2548 Nicolaus
682 2465 832 2546 curialis
849 2491 957 2543 comes
973 2470 1144 2570 reginae;
1162 2483 1276 2562 quum

195 2569 362 2646 Andreas
388 2572 458 2652 alio
485 2573 686 2678 diplomate
706 2571 861 2678 fundo-s,
886 2569 1041 2647 Budenli
1065 2565 1285 2674 praeposito-l

195 2695 258 2750 rae
277 2699 342 2778 per
363 2677 459 2756 nesus
483 2677 646 2778 mulsos,
673 2675 836 2755 restituit.
856 2677 915 2776 (b)
943 2683 1066 2752 fluum
1086 2675 1280 2778 utrobique

178 2781 416 2882 ‘Bettholdus
445 2783 735 2888 archiepiscopus
761 2781 902 2888 legatur
912 2811 925 2872 3
951 2785 1023 2856 iam
1050 2780 1279 2856 consecratus

194 2883 297 2965 fuisse
321 2893 478 2968 videtur.
512 2897 664 2967 ‘Nouus
691 2886 744 2963 illi
770 2889 937 2966 vaiuodae
965 2885 1094 2964 titulus
1119 2879 1282 2960 adieslus

196 3017 341 3069 nouum
372 2999 447 3073 odii
471 2997 677 3076 fomentum
705 3017 804 3092 erat,
842 3019 919 3096 quo
945 2991 1123 3092 camille,
1168 3011 1281 3090 quam

196 3100 324 3200 regina
354 3101 483 3204 soror,
511 3107 615 3180 cuius
635 3097 759 3176 fiuore
777 3099 939 3176 summas
965 3097 1040 3176 illas
1064 3101 1104 3172 in
1130 3103 1280 3195 ilunga-

196 3205 248 3278 ria
275 3207 470 3311 dignitates
498 3209 747 3308 consequutus
776 3201 848 3302 eil,
873 3203 1129 3310 conflagrabat.
1182 3195 1282 3274 Male

38 3371 41 3382 .
197 3310 395 3391 Turotzius
424 3317 470 3390 ad
504 3317 605 3390 hunc
636 3335 775 3387 annum
806 3317 956 3388 eaedem
984 3314 1138 3414 ¹reginae
1170 3303 1283 3384 consr-

38 3404 49 3470 ἰ
201 3439 316 3522 gnat,
341 3441 384 3498 vt
406 3423 624 3500 videbimus.
651 3419 708 3514 s)
741 3439 757 3449 “·

1178 3681 1233 3757 Ἀ.

248 3979 296 4060 (ι)
318 3979 374 4061 Ap.
396 3945 510 4078 wago.
529 3985 615 4064 saep.
638 3987 661 4049 1.
683 4011 710 4070 p.
737 4007 808 4074 3⁸⁹·
856 3941 902 4061 (d)
932 3989 980 4052 Ex
1004 3983 1098 4054 MSS.
1122 3983 1293 4067 nruhym.

302 4059 346 4140 (e)
368 4063 445 4130 litli-
458 4063 511 4126 Or·
523 4067 563 4133 T.
575 4073 612 4136 V.
628 4091 661 4152 p.
676 4079 851 4154 134-164.
1178 4104 1188 4117 ·

26 4203 87 4250 Ι..
