<?xml version="1.0" encoding="UTF-8"?>
<!DOCTYPE html PUBLIC "-//W3C//DTD XHTML 1.0 Transitional//EN"
    "http://www.w3.org/TR/xhtml1/DTD/xhtml1-transitional.dtd">
<html xmlns="http://www.w3.org/1999/xhtml" xml:lang="en" lang="en">
 <head>
  <title>
</title>
<meta http-equiv="Content-Type" content="text/html;charset=utf-8" />
  <meta name='ocr-system' content='tesseract 3.04.00' />
  <meta name='ocr-capabilities' content='ocr_page ocr_carea ocr_par ocr_line ocrx_word'/>
</head>
<body>
  <div class='ocr_page' id='page_1' title='image "./epitomechronolo01katogoog_0119.png"; bbox 0 0 2748 4300; ppageno 0'>
   <div class='ocr_carea' id='block_1_1' title="bbox 180 149 949 266">
    <p class='ocr_par' dir='ltr' id='par_1_1' title="bbox 180 149 949 266">
     <span class='ocr_line' id='line_1_1' title="bbox 180 149 949 266; baseline 0.013 -49"><span class='ocrx_word' id='word_1_1' title='bbox 180 157 288 242; x_wconf 57' lang='grc' dir='ltr'>πη</span> <span class='ocrx_word' id='word_1_2' title='bbox 478 149 949 266; x_wconf 72' lang='lat' dir='ltr'>nunnnnsr</span> 
     </span>
    </p>
   </div>
   <div class='ocr_carea' id='block_1_2' title="bbox 61 279 1247 492">
    <p class='ocr_par' dir='ltr' id='par_1_2' title="bbox 61 279 1247 492">
     <span class='ocr_line' id='line_1_2' title="bbox 61 279 1247 492; baseline -0.003 -100"><span class='ocrx_word' id='word_1_3' title='bbox 61 340 68 355; x_wconf 69' lang='lat'><strong><em>¹</em></strong></span> <span class='ocrx_word' id='word_1_4' title='bbox 123 345 126 357; x_wconf 94' lang='lat'>·</span> <span class='ocrx_word' id='word_1_5' title='bbox 163 309 342 492; x_wconf 62' lang='lat' dir='ltr'>Apertum!</span> <span class='ocrx_word' id='word_1_6' title='bbox 368 314 416 388; x_wconf 79' lang='lat' dir='ltr'>ad</span> <span class='ocrx_word' id='word_1_7' title='bbox 439 335 590 392; x_wconf 81' lang='lat' dir='ltr'>matrem</span> <span class='ocrx_word' id='word_1_8' title='bbox 620 279 843 418; x_wconf 65' lang='lat' dir='ltr'>Salomonis,</span> <span class='ocrx_word' id='word_1_9' title='bbox 871 343 948 392; x_wconf 89' lang='lat' dir='ltr'>non</span> <span class='ocrx_word' id='word_1_10' title='bbox 975 319 1019 392; x_wconf 87' lang='lat' dir='ltr'>ad</span> <span class='ocrx_word' id='word_1_11' title='bbox 1050 309 1247 392; x_wconf 75' lang='lat' dir='ltr'>claustrum</span> 
     </span>
    </p>
   </div>
   <div class='ocr_carea' id='block_1_3' title="bbox 159 413 1250 843">
    <p class='ocr_par' dir='ltr' id='par_1_3' title="bbox 159 413 1250 843">
     <span class='ocr_line' id='line_1_3' title="bbox 162 413 1247 534; baseline -0.002 -37"><span class='ocrx_word' id='word_1_12' title='bbox 162 423 200 500; x_wconf 76' lang='lat' dir='ltr'>A</span> <span class='ocrx_word' id='word_1_13' title='bbox 227 417 431 518; x_wconf 85' lang='lat' dir='ltr'>montense,</span> <span class='ocrx_word' id='word_1_14' title='bbox 460 425 560 522; x_wconf 92' lang='lat' dir='ltr'>quod</span> <span class='ocrx_word' id='word_1_15' title='bbox 583 413 681 502; x_wconf 77' lang='lat' dir='ltr'>oltm&#39;</span> <span class='ocrx_word' id='word_1_16' title='bbox 699 424 879 534; x_wconf 85' lang='lat' dir='ltr'>Agmrrrd</span> <span class='ocrx_word' id='word_1_17' title='bbox 902 424 1109 518; x_wconf 82' lang='lat' dir='ltr'>dicebatur,</span> <span class='ocrx_word' id='word_1_18' title='bbox 1136 419 1247 496; x_wconf 84' lang='lat' dir='ltr'>refer-</span> 
     </span>
     <span class='ocr_line' id='line_1_4' title="bbox 159 525 1249 633; baseline 0.001 -35"><span class='ocrx_word' id='word_1_19' title='bbox 159 543 225 598; x_wconf 86' lang='lat' dir='ltr'>ret.</span> <span class='ocrx_word' id='word_1_20' title='bbox 279 526 365 598; x_wconf 78' lang='lat' dir='ltr'>Fuit</span> <span class='ocrx_word' id='word_1_21' title='bbox 389 545 482 600; x_wconf 87' lang='lat' dir='ltr'>vxor</span> <span class='ocrx_word' id='word_1_22' title='bbox 509 529 678 605; x_wconf 84' lang='lat' dir='ltr'>Andreae</span> <span class='ocrx_word' id='word_1_23' title='bbox 712 525 877 633; x_wconf 81' lang='lat' dir='ltr'>Nastnfia</span> <span class='ocrx_word' id='word_1_24' title='bbox 904 526 963 608; x_wconf 84' lang='lat' dir='ltr'>vel</span> <span class='ocrx_word' id='word_1_25' title='bbox 984 527 1163 607; x_wconf 82' lang='lat' dir='ltr'>Arrassasra</span> <span class='ocrx_word' id='word_1_26' title='bbox 1193 529 1249 600; x_wconf 88' lang='lat' dir='ltr'>di·</span> 
     </span>
     <span class='ocr_line' id='line_1_5' title="bbox 164 625 1250 736; baseline 0.008 -31"><span class='ocrx_word' id='word_1_27' title='bbox 164 625 241 726; x_wconf 79' lang='lat' dir='ltr'>tu,</span> <span class='ocrx_word' id='word_1_28' title='bbox 260 629 405 718; x_wconf 76' lang='lat' dir='ltr'>Iarosiai</span> <span class='ocrx_word' id='word_1_29' title='bbox 421 629 750 712; x_wconf 84' lang='lat' dir='ltr'>Wladimerouicbii</span> <span class='ocrx_word' id='word_1_30' title='bbox 763 633 856 736; x_wconf 87' lang='lat' dir='ltr'>filia,</span> <span class='ocrx_word' id='word_1_31' title='bbox 877 659 941 736; x_wconf 89' lang='lat' dir='ltr'>per</span> <span class='ocrx_word' id='word_1_32' title='bbox 959 635 1143 714; x_wconf 86' lang='lat' dir='ltr'>Iuditham</span> <span class='ocrx_word' id='word_1_33' title='bbox 1162 655 1250 732; x_wconf 82' lang='lat' dir='ltr'>pro-</span> 
     </span>
     <span class='ocr_line' id='line_1_6' title="bbox 159 729 907 843; baseline 0.019 -35"><span class='ocrx_word' id='word_1_34' title='bbox 159 739 284 836; x_wconf 27' lang='lat' dir='ltr'>neptis,</span> <span class='ocrx_word' id='word_1_35' title='bbox 303 729 450 836; x_wconf 86' lang='lat' dir='ltr'>Geisae,</span> <span class='ocrx_word' id='word_1_36' title='bbox 478 742 579 818; x_wconf 88' lang='lat' dir='ltr'>ducis</span> <span class='ocrx_word' id='word_1_37' title='bbox 598 745 811 843; x_wconf 84' lang='lat' dir='ltr'>Hungariae.</span> <span class='ocrx_word' id='word_1_38' title='bbox 842 745 907 840; x_wconf 84' lang='lat' dir='ltr'>(n)</span> 
     </span>
    </p>
   </div>
   <div class='ocr_carea' id='block_1_4' title="bbox 35 943 1355 3976">
    <p class='ocr_par' dir='ltr' id='par_1_4' title="bbox 98 943 1246 1162">
     <span class='ocr_line' id='line_1_7' title="bbox 98 943 1246 1042; baseline -0.007 -14"><span class='ocrx_word' id='word_1_39' title='bbox 98 1020 101 1028; x_wconf 83' lang='lat'>.</span> <span class='ocrx_word' id='word_1_40' title='bbox 214 1025 216 1030; x_wconf 82' lang='grc'><strong>,</strong></span> <span class='ocrx_word' id='word_1_41' title='bbox 258 949 452 1028; x_wconf 70' lang='lat' dir='ltr'>cultrix</span> <span class='ocrx_word' id='word_1_42' title='bbox 486 957 699 1030; x_wconf 83' lang='lat' dir='ltr'>Hermanno</span> <span class='ocrx_word' id='word_1_43' title='bbox 731 945 932 1038; x_wconf 69' lang='lat' dir='ltr'>Contrado</span> <span class='ocrx_word' id='word_1_44' title='bbox 959 943 1118 1042; x_wconf 74' lang='lat' dir='ltr'>constat,</span> <span class='ocrx_word' id='word_1_45' title='bbox 1164 950 1246 1020; x_wconf 85' lang='lat' dir='ltr'>An-</span> 
     </span>
     <span class='ocr_line' id='line_1_8' title="bbox 159 1051 1243 1162; baseline -0.002 -33"><span class='ocrx_word' id='word_1_46' title='bbox 159 1058 281 1130; x_wconf 85' lang='lat' dir='ltr'>dream</span> <span class='ocrx_word' id='word_1_47' title='bbox 304 1059 350 1130; x_wconf 91' lang='lat' dir='ltr'>A.</span> <span class='ocrx_word' id='word_1_48' title='bbox 383 1057 424 1134; x_wconf 87' lang='lat' dir='ltr'>C.</span> <span class='ocrx_word' id='word_1_49' title='bbox 454 1066 568 1156; x_wconf 87' lang='lat'>1046.</span> <span class='ocrx_word' id='word_1_50' title='bbox 597 1081 746 1162; x_wconf 83' lang='lat' dir='ltr'>regnare</span> <span class='ocrx_word' id='word_1_51' title='bbox 778 1051 943 1158; x_wconf 84' lang='lat' dir='ltr'>coepiffe.</span> <span class='ocrx_word' id='word_1_52' title='bbox 998 1053 1089 1128; x_wconf 72' lang='lat' dir='ltr'>duta</span> <span class='ocrx_word' id='word_1_53' title='bbox 1113 1071 1243 1160; x_wconf 81' lang='lat' dir='ltr'>tamen</span> 
     </span>
    </p>

    <p class='ocr_par' dir='ltr' id='par_1_5' title="bbox 120 1155 1354 2634">
     <span class='ocr_line' id='line_1_9' title="bbox 120 1155 1240 1258; baseline -0.003 -22"><span class='ocrx_word' id='word_1_54' title='bbox 120 1205 122 1210; x_wconf 83' lang='lat'><em>.</em></span> <span class='ocrx_word' id='word_1_55' title='bbox 159 1159 216 1236; x_wconf 82' lang='lat' dir='ltr'>alii</span> <span class='ocrx_word' id='word_1_56' title='bbox 243 1164 328 1252; x_wconf 86' lang='lat' dir='ltr'>huic</span> <span class='ocrx_word' id='word_1_57' title='bbox 358 1185 494 1236; x_wconf 89' lang='lat' dir='ltr'>annum</span> <span class='ocrx_word' id='word_1_58' title='bbox 524 1189 639 1239; x_wconf 90' lang='lat' dir='ltr'>vnum</span> <span class='ocrx_word' id='word_1_59' title='bbox 666 1159 899 1258; x_wconf 79' lang='lat' dir='ltr'>addendum,</span> <span class='ocrx_word' id='word_1_60' title='bbox 928 1155 985 1237; x_wconf 87' lang='lat' dir='ltr'>alii</span> <span class='ocrx_word' id='word_1_61' title='bbox 1014 1157 1240 1232; x_wconf 84' lang='lat' dir='ltr'>demendum</span> 
     </span>
     <span class='ocr_line' id='line_1_10' title="bbox 159 1264 1354 1366; baseline 0.003 -24"><span class='ocrx_word' id='word_1_62' title='bbox 159 1264 226 1342; x_wconf 78' lang='lat' dir='ltr'>effe</span> <span class='ocrx_word' id='word_1_63' title='bbox 257 1269 511 1358; x_wconf 84' lang='lat' dir='ltr'>contendunt;</span> <span class='ocrx_word' id='word_1_64' title='bbox 538 1273 682 1347; x_wconf 89' lang='lat' dir='ltr'>initium</span> <span class='ocrx_word' id='word_1_65' title='bbox 710 1271 881 1344; x_wconf 87' lang='lat' dir='ltr'>Andreae</span> <span class='ocrx_word' id='word_1_66' title='bbox 902 1265 1087 1366; x_wconf 83' lang='lat' dir='ltr'>regnantis</span> <span class='ocrx_word' id='word_1_67' title='bbox 1103 1287 1176 1342; x_wconf 82' lang='lat' dir='ltr'>nec</span> <span class='ocrx_word' id='word_1_68' title='bbox 1194 1265 1242 1338; x_wconf 82' lang='lat' dir='ltr'>ad</span> <span class='ocrx_word' id='word_1_69' title='bbox 1353 1333 1354 1346; x_wconf 67' lang='grc'>,</span> 
     </span>
     <span class='ocr_line' id='line_1_11' title="bbox 160 1364 1244 1473; baseline -0.009 -21"><span class='ocrx_word' id='word_1_70' title='bbox 160 1367 473 1473; x_wconf 62' lang='lat' dir='ltr'>auteur-potu</span> <span class='ocrx_word' id='word_1_71' title='bbox 496 1376 627 1458; x_wconf 78' lang='lat' dir='ltr'>retrahi</span> <span class='ocrx_word' id='word_1_72' title='bbox 640 1395 652 1462; x_wconf 76' lang='lat' dir='ltr'>r</span> <span class='ocrx_word' id='word_1_73' title='bbox 680 1375 749 1450; x_wconf 80' lang='lat' dir='ltr'>nec</span> <span class='ocrx_word' id='word_1_74' title='bbox 779 1373 824 1448; x_wconf 86' lang='lat' dir='ltr'>ad</span> <span class='ocrx_word' id='word_1_75' title='bbox 852 1398 909 1450; x_wconf 86' lang='lat' dir='ltr'>an.</span> <span class='ocrx_word' id='word_1_76' title='bbox 932 1391 1047 1468; x_wconf 79' lang='lat'>1047.</span> <span class='ocrx_word' id='word_1_77' title='bbox 1068 1364 1168 1468; x_wconf 81' lang='lat' dir='ltr'>poiie</span> <span class='ocrx_word' id='word_1_78' title='bbox 1186 1394 1244 1448; x_wconf 83' lang='lat' dir='ltr'>re·</span> 
     </span>
     <span class='ocr_line' id='line_1_12' title="bbox 159 1475 1244 1584; baseline -0.002 -32"><span class='ocrx_word' id='word_1_79' title='bbox 159 1478 257 1552; x_wconf 84' lang='lat' dir='ltr'>trudi</span> <span class='ocrx_word' id='word_1_80' title='bbox 265 1535 279 1577; x_wconf 91' lang='lat'>,</span> <span class='ocrx_word' id='word_1_81' title='bbox 306 1481 460 1554; x_wconf 88' lang='lat' dir='ltr'>certiore</span> <span class='ocrx_word' id='word_1_82' title='bbox 491 1483 550 1562; x_wconf 91' lang='lat' dir='ltr'>hic</span> <span class='ocrx_word' id='word_1_83' title='bbox 581 1499 797 1584; x_wconf 83' lang='lat' dir='ltr'>argumento</span> <span class='ocrx_word' id='word_1_84' title='bbox 824 1479 1046 1554; x_wconf 83' lang='lat' dir='ltr'>docebimus.</span> <span class='ocrx_word' id='word_1_85' title='bbox 1117 1475 1244 1550; x_wconf 73' lang='lat' dir='ltr'>Gemi·</span> 
     </span>
     <span class='ocr_line' id='line_1_13' title="bbox 160 1571 1241 1690; baseline -0.002 -34"><span class='ocrx_word' id='word_1_86' title='bbox 160 1605 250 1657; x_wconf 91' lang='lat' dir='ltr'>num</span> <span class='ocrx_word' id='word_1_87' title='bbox 275 1581 384 1658; x_wconf 76' lang='lat' dir='ltr'>exstat</span> <span class='ocrx_word' id='word_1_88' title='bbox 417 1589 586 1667; x_wconf 82' lang='lat' dir='ltr'>Andreae</span> <span class='ocrx_word' id='word_1_89' title='bbox 620 1591 714 1690; x_wconf 81' lang='lat' dir='ltr'>regis</span> <span class='ocrx_word' id='word_1_90' title='bbox 748 1583 935 1686; x_wconf 85' lang='lat' dir='ltr'>diploma,</span> <span class='ocrx_word' id='word_1_91' title='bbox 961 1571 1119 1684; x_wconf 88' lang='lat' dir='ltr'>quorur&#39;n</span> <span class='ocrx_word' id='word_1_92' title='bbox 1152 1581 1241 1655; x_wconf 78' lang='lat' dir='ltr'>alte-</span> 
     </span>
     <span class='ocr_line' id='line_1_14' title="bbox 160 1684 1243 1794; baseline 0 -31"><span class='ocrx_word' id='word_1_93' title='bbox 160 1713 240 1763; x_wconf 85' lang='lat' dir='ltr'>rum</span> <span class='ocrx_word' id='word_1_94' title='bbox 272 1713 338 1790; x_wconf 92' lang='lat' dir='ltr'>pro</span> <span class='ocrx_word' id='word_1_95' title='bbox 372 1693 598 1794; x_wconf 86' lang='lat' dir='ltr'>Tihanyiensr</span> <span class='ocrx_word' id='word_1_96' title='bbox 628 1693 813 1768; x_wconf 90' lang='lat' dir='ltr'>coenobio</span> <span class='ocrx_word' id='word_1_97' title='bbox 851 1687 1025 1790; x_wconf 73' lang='lat' dir='ltr'>lignatum</span> <span class='ocrx_word' id='word_1_98' title='bbox 1063 1684 1114 1758; x_wconf 91' lang='lat' dir='ltr'>est</span> <span class='ocrx_word' id='word_1_99' title='bbox 1148 1711 1243 1762; x_wconf 80' lang='lat' dir='ltr'>anne</span> 
     </span>
     <span class='ocr_line' id='line_1_15' title="bbox 165 1791 1240 1907; baseline -0.005 -36"><span class='ocrx_word' id='word_1_100' title='bbox 165 1817 277 1892; x_wconf 78' lang='lat'>1055·</span> <span class='ocrx_word' id='word_1_101' title='bbox 300 1821 390 1872; x_wconf 82' lang='lat' dir='ltr'>anno</span> <span class='ocrx_word' id='word_1_102' title='bbox 415 1806 518 1907; x_wconf 81' lang='lat' dir='ltr'>regri</span> <span class='ocrx_word' id='word_1_103' title='bbox 542 1797 708 1880; x_wconf 82' lang='lat' dir='ltr'>Andreae</span> <span class='ocrx_word' id='word_1_104' title='bbox 731 1823 817 1874; x_wconf 85' lang='lat' dir='ltr'>nono</span> <span class='ocrx_word' id='word_1_105' title='bbox 828 1824 846 1890; x_wconf 89' lang='lat'>,·</span> <span class='ocrx_word' id='word_1_106' title='bbox 873 1791 1026 1868; x_wconf 80' lang='lat' dir='ltr'>alterum</span> <span class='ocrx_word' id='word_1_107' title='bbox 1058 1813 1126 1890; x_wconf 92' lang='lat' dir='ltr'>pro</span> <span class='ocrx_word' id='word_1_108' title='bbox 1154 1815 1240 1866; x_wconf 86' lang='lat' dir='ltr'>coe·</span> 
     </span>
     <span class='ocr_line' id='line_1_16' title="bbox 161 1899 1241 2008; baseline -0.003 -35"><span class='ocrx_word' id='word_1_109' title='bbox 161 1901 297 2000; x_wconf 86' lang='lat' dir='ltr'>nobio,</span> <span class='ocrx_word' id='word_1_110' title='bbox 324 1903 425 2002; x_wconf 92' lang='lat' dir='ltr'>quod</span> <span class='ocrx_word' id='word_1_111' title='bbox 449 1909 548 1980; x_wconf 84' lang='lat' dir='ltr'>Rado</span> <span class='ocrx_word' id='word_1_112' title='bbox 582 1903 759 2008; x_wconf 61' lang='lat' dir='ltr'>palatinus</span> <span class='ocrx_word' id='word_1_113' title='bbox 787 1905 831 1976; x_wconf 83' lang='lat' dir='ltr'>ad</span> <span class='ocrx_word' id='word_1_114' title='bbox 863 1905 997 1974; x_wconf 84' lang='lat' dir='ltr'>Sauum</span> <span class='ocrx_word' id='word_1_115' title='bbox 1029 1899 1162 1994; x_wconf 78' lang='lat' dir='ltr'>erexit,</span> <span class='ocrx_word' id='word_1_116' title='bbox 1190 1899 1241 1978; x_wconf 77' lang='lat' dir='ltr'>ita</span> 
     </span>
     <span class='ocr_line' id='line_1_17' title="bbox 163 2003 1240 2108; baseline -0.004 -26"><span class='ocrx_word' id='word_1_117' title='bbox 163 2007 360 2082; x_wconf 82' lang='lat' dir='ltr'>clauditur:</span> <span class='ocrx_word' id='word_1_118' title='bbox 388 2007 527 2090; x_wconf 81' lang='lat' dir='ltr'>Datum</span> <span class='ocrx_word' id='word_1_119' title='bbox 549 2039 586 2091; x_wconf 82' lang='lat' dir='ltr'>n.</span> <span class='ocrx_word' id='word_1_120' title='bbox 614 2037 723 2088; x_wconf 85' lang='lat' dir='ltr'>nonas</span> <span class='ocrx_word' id='word_1_121' title='bbox 758 2005 872 2108; x_wconf 76' lang='lat' dir='ltr'>Iunii,</span> <span class='ocrx_word' id='word_1_122' title='bbox 898 2003 1019 2084; x_wconf 76' lang='lat' dir='ltr'>indru.</span> <span class='ocrx_word' id='word_1_123' title='bbox 1049 2023 1109 2080; x_wconf 88' lang='lat'>10.</span> <span class='ocrx_word' id='word_1_124' title='bbox 1146 2029 1240 2082; x_wconf 79' lang='lat' dir='ltr'>anne</span> 
     </span>
     <span class='ocr_line' id='line_1_18' title="bbox 164 2109 1246 2228; baseline -0.008 -40"><span class='ocrx_word' id='word_1_125' title='bbox 164 2119 299 2196; x_wconf 77' lang='lat' dir='ltr'>incarn.</span> <span class='ocrx_word' id='word_1_126' title='bbox 328 2109 414 2188; x_wconf 77' lang='lat' dir='ltr'>doen.</span> <span class='ocrx_word' id='word_1_127' title='bbox 452 2139 564 2216; x_wconf 84' lang='lat'>¹057·</span> <span class='ocrx_word' id='word_1_128' title='bbox 590 2121 692 2228; x_wconf 85' lang='lat' dir='ltr'>regni</span> <span class='ocrx_word' id='word_1_129' title='bbox 718 2109 825 2216; x_wconf 82' lang='lat' dir='ltr'>nostri</span> <span class='ocrx_word' id='word_1_130' title='bbox 852 2135 943 2192; x_wconf 82' lang='lat' dir='ltr'>anno</span> <span class='ocrx_word' id='word_1_131' title='bbox 972 2131 1031 2190; x_wconf 70' lang='grc' dir='ltr'>ια.</span> <span class='ocrx_word' id='word_1_132' title='bbox 1097 2111 1135 2182; x_wconf 88' lang='lat' dir='ltr'>Si</span> <span class='ocrx_word' id='word_1_133' title='bbox 1173 2111 1246 2208; x_wconf 89' lang='lat' dir='ltr'>pri-</span> 
     </span>
     <span class='ocr_line' id='line_1_19' title="bbox 165 2217 1243 2323; baseline -0.008 -27"><span class='ocrx_word' id='word_1_134' title='bbox 165 2240 245 2296; x_wconf 88' lang='lat' dir='ltr'>mus</span> <span class='ocrx_word' id='word_1_135' title='bbox 273 2221 441 2300; x_wconf 84' lang='lat' dir='ltr'>Andreae</span> <span class='ocrx_word' id='word_1_136' title='bbox 467 2225 560 2323; x_wconf 80' lang='lat' dir='ltr'>regis</span> <span class='ocrx_word' id='word_1_137' title='bbox 587 2220 958 2298; x_wconf 85' lang='lat' dir='ltr'>annusretraheretur</span> <span class='ocrx_word' id='word_1_138' title='bbox 979 2217 1098 2292; x_wconf 84' lang='lat' dir='ltr'>adan.</span> <span class='ocrx_word' id='word_1_139' title='bbox 1126 2233 1243 2312; x_wconf 79' lang='lat'>1045.</span> 
     </span>
     <span class='ocr_line' id='line_1_20' title="bbox 167 2319 1245 2426; baseline -0.005 -27"><span class='ocrx_word' id='word_1_140' title='bbox 167 2345 282 2399; x_wconf 84' lang='lat' dir='ltr'>annus</span> <span class='ocrx_word' id='word_1_141' title='bbox 309 2325 413 2426; x_wconf 84' lang='lat' dir='ltr'>regni</span> <span class='ocrx_word' id='word_1_142' title='bbox 439 2350 558 2402; x_wconf 86' lang='lat' dir='ltr'>nonus</span> <span class='ocrx_word' id='word_1_143' title='bbox 584 2325 651 2403; x_wconf 82' lang='lat' dir='ltr'>esse</span> <span class='ocrx_word' id='word_1_144' title='bbox 679 2349 755 2402; x_wconf 89' lang='lat' dir='ltr'>non</span> <span class='ocrx_word' id='word_1_145' title='bbox 780 2319 948 2426; x_wconf 83' lang='lat' dir='ltr'>potuitset</span> <span class='ocrx_word' id='word_1_146' title='bbox 980 2343 1096 2399; x_wconf 83' lang='lat' dir='ltr'>annus</span> <span class='ocrx_word' id='word_1_147' title='bbox 1128 2339 1245 2418; x_wconf 82' lang='lat'><em>1055.</em></span> 
     </span>
     <span class='ocr_line' id='line_1_21' title="bbox 168 2421 1249 2535; baseline -0.003 -34"><span class='ocrx_word' id='word_1_148' title='bbox 168 2429 232 2528; x_wconf 91' lang='lat' dir='ltr'>qui</span> <span class='ocrx_word' id='word_1_149' title='bbox 256 2425 317 2504; x_wconf 89' lang='lat' dir='ltr'>sub</span> <span class='ocrx_word' id='word_1_150' title='bbox 344 2433 487 2510; x_wconf 90' lang='lat' dir='ltr'>initium</span> <span class='ocrx_word' id='word_1_151' title='bbox 505 2443 674 2535; x_wconf 83' lang='lat' dir='ltr'>aceeptus</span> <span class='ocrx_word' id='word_1_152' title='bbox 701 2435 796 2526; x_wconf 91' lang='lat' dir='ltr'>(nec</span> <span class='ocrx_word' id='word_1_153' title='bbox 818 2432 916 2504; x_wconf 91' lang='lat' dir='ltr'>enim</span> <span class='ocrx_word' id='word_1_154' title='bbox 931 2429 1096 2505; x_wconf 78' lang='lat' dir='ltr'>Andreas</span> <span class='ocrx_word' id='word_1_155' title='bbox 1112 2421 1249 2500; x_wconf 77' lang='lat' dir='ltr'>eleuus</span> 
     </span>
     <span class='ocr_line' id='line_1_22' title="bbox 167 2531 1246 2634; baseline 0.003 -29"><span class='ocrx_word' id='word_1_156' title='bbox 167 2553 242 2616; x_wconf 84' lang='lat' dir='ltr'>erat</span> <span class='ocrx_word' id='word_1_157' title='bbox 271 2531 333 2608; x_wconf 88' lang='lat' dir='ltr'>sub</span> <span class='ocrx_word' id='word_1_158' title='bbox 365 2539 511 2616; x_wconf 91' lang='lat' dir='ltr'>initium</span> <span class='ocrx_word' id='word_1_159' title='bbox 545 2541 632 2614; x_wconf 89' lang='lat' dir='ltr'>anni</span> <span class='ocrx_word' id='word_1_160' title='bbox 667 2540 809 2634; x_wconf 82' lang='lat'>1046.)</span> <span class='ocrx_word' id='word_1_161' title='bbox 840 2559 958 2622; x_wconf 85' lang='lat' dir='ltr'>nonus</span> <span class='ocrx_word' id='word_1_162' title='bbox 986 2533 1060 2606; x_wconf 90' lang='lat' dir='ltr'>dici</span> <span class='ocrx_word' id='word_1_163' title='bbox 1086 2551 1246 2632; x_wconf 85' lang='lat' dir='ltr'>poterat.</span> 
     </span>
    </p>

    <p class='ocr_par' dir='ltr' id='par_1_6' title="bbox 77 2633 1355 2952">
     <span class='ocr_line' id='line_1_23' title="bbox 77 2633 1244 2746; baseline -0.003 -34"><span class='ocrx_word' id='word_1_164' title='bbox 77 2639 80 2651; x_wconf 90' lang='lat'>&#39;</span> <span class='ocrx_word' id='word_1_165' title='bbox 168 2639 203 2712; x_wconf 90' lang='lat' dir='ltr'>Si</span> <span class='ocrx_word' id='word_1_166' title='bbox 228 2663 317 2714; x_wconf 87' lang='lat' dir='ltr'>vero</span> <span class='ocrx_word' id='word_1_167' title='bbox 342 2647 478 2746; x_wconf 87' lang='lat' dir='ltr'>primus</span> <span class='ocrx_word' id='word_1_168' title='bbox 504 2647 665 2720; x_wconf 90' lang='lat' dir='ltr'>eiusdem</span> <span class='ocrx_word' id='word_1_169' title='bbox 686 2667 802 2722; x_wconf 84' lang='lat' dir='ltr'>annus</span> <span class='ocrx_word' id='word_1_170' title='bbox 831 2643 1075 2721; x_wconf 87' lang='lat' dir='ltr'>retruderetur</span> <span class='ocrx_word' id='word_1_171' title='bbox 1092 2633 1152 2708; x_wconf 80' lang='lat' dir='ltr'>&#39;ad</span> <span class='ocrx_word' id='word_1_172' title='bbox 1183 2661 1244 2716; x_wconf 86' lang='lat' dir='ltr'>arr.</span> 
     </span>
     <span class='ocr_line' id='line_1_24' title="bbox 172 2740 1355 2854; baseline -0.008 -32"><span class='ocrx_word' id='word_1_173' title='bbox 172 2765 283 2844; x_wconf 84' lang='lat'>1047.</span> <span class='ocrx_word' id='word_1_174' title='bbox 312 2771 427 2824; x_wconf 86' lang='lat' dir='ltr'>annus</span> <span class='ocrx_word' id='word_1_175' title='bbox 452 2755 554 2854; x_wconf 80' lang='lat' dir='ltr'>regni</span> <span class='ocrx_word' id='word_1_176' title='bbox 579 2753 817 2826; x_wconf 86' lang='lat' dir='ltr'>duodecimus</span> <span class='ocrx_word' id='word_1_177' title='bbox 850 2743 917 2822; x_wconf 80' lang='lat' dir='ltr'>effe</span> <span class='ocrx_word' id='word_1_178' title='bbox 943 2771 1018 2820; x_wconf 92' lang='lat' dir='ltr'>non</span> <span class='ocrx_word' id='word_1_179' title='bbox 1043 2740 1157 2843; x_wconf 83' lang='lat' dir='ltr'>posset</span> <span class='ocrx_word' id='word_1_180' title='bbox 1184 2765 1249 2816; x_wconf 54' lang='lat' dir='ltr'>ana</span> <span class='ocrx_word' id='word_1_181' title='bbox 1354 2745 1355 2756; x_wconf 76' lang='grc'>’</span> 
     </span>
     <span class='ocr_line' id='line_1_25' title="bbox 167 2849 1249 2952; baseline -0.007 -28"><span class='ocrx_word' id='word_1_182' title='bbox 167 2875 235 2924; x_wconf 87' lang='lat' dir='ltr'>nus</span> <span class='ocrx_word' id='word_1_183' title='bbox 269 2875 383 2952; x_wconf 83' lang='lat'>1057.</span> <span class='ocrx_word' id='word_1_184' title='bbox 412 2855 533 2934; x_wconf 86' lang='lat' dir='ltr'>Potest</span> <span class='ocrx_word' id='word_1_185' title='bbox 552 2879 674 2932; x_wconf 86' lang='lat' dir='ltr'>autem</span> <span class='ocrx_word' id='word_1_186' title='bbox 697 2859 756 2930; x_wconf 91' lang='lat' dir='ltr'>hic</span> <span class='ocrx_word' id='word_1_187' title='bbox 783 2871 896 2936; x_wconf 76' lang='lat' dir='ltr'>annus</span> <span class='ocrx_word' id='word_1_188' title='bbox 916 2854 1084 2930; x_wconf 86' lang='lat' dir='ltr'>Andreae</span> <span class='ocrx_word' id='word_1_189' title='bbox 1107 2849 1249 2922; x_wconf 66' lang='lat' dir='ltr'>duode„</span> 
     </span>
    </p>

    <p class='ocr_par' dir='ltr' id='par_1_7' title="bbox 35 2955 1255 3976">
     <span class='ocr_line' id='line_1_26' title="bbox 35 2955 1251 3060; baseline -0.003 -31"><span class='ocrx_word' id='word_1_190' title='bbox 35 2985 41 3006; x_wconf 73' lang='lat'>=</span> <span class='ocrx_word' id='word_1_191' title='bbox 169 2959 284 3032; x_wconf 85' lang='lat' dir='ltr'>cimus</span> <span class='ocrx_word' id='word_1_192' title='bbox 309 2961 402 3050; x_wconf 75' lang='lat' dir='ltr'>dici3</span> <span class='ocrx_word' id='word_1_193' title='bbox 442 2961 715 3060; x_wconf 79' lang='lat' dir='ltr'>srstatuamus,</span> <span class='ocrx_word' id='word_1_194' title='bbox 755 2955 861 3036; x_wconf 86' lang='lat' dir='ltr'>illurn</span> <span class='ocrx_word' id='word_1_195' title='bbox 882 2978 964 3033; x_wconf 86' lang='lat' dir='ltr'>ante</span> <span class='ocrx_word' id='word_1_196' title='bbox 992 2981 1028 3036; x_wconf 81' lang='lat'>2.</span> <span class='ocrx_word' id='word_1_197' title='bbox 1054 2979 1162 3038; x_wconf 80' lang='lat' dir='ltr'>nonos</span> <span class='ocrx_word' id='word_1_198' title='bbox 1189 2957 1251 3026; x_wconf 70' lang='lat' dir='ltr'>Iu-</span> 
     </span>
     <span class='ocr_line' id='line_1_27' title="bbox 168 3057 1254 3172; baseline -0.011 -34"><span class='ocrx_word' id='word_1_199' title='bbox 168 3066 244 3138; x_wconf 82' lang='lat' dir='ltr'>nias</span> <span class='ocrx_word' id='word_1_200' title='bbox 268 3064 444 3142; x_wconf 66' lang='lat' dir='ltr'>eleiium:</span> <span class='ocrx_word' id='word_1_201' title='bbox 470 3072 572 3172; x_wconf 90' lang='lat' dir='ltr'>quod</span> <span class='ocrx_word' id='word_1_202' title='bbox 604 3065 789 3143; x_wconf 87' lang='lat' dir='ltr'>verifimile</span> <span class='ocrx_word' id='word_1_203' title='bbox 820 3065 978 3145; x_wconf 84' lang='lat' dir='ltr'>reddunt</span> <span class='ocrx_word' id='word_1_204' title='bbox 1007 3082 1066 3138; x_wconf 93' lang='lat' dir='ltr'>tot</span> <span class='ocrx_word' id='word_1_205' title='bbox 1095 3057 1254 3159; x_wconf 45' lang='lat' dir='ltr'>legatio*</span> 
     </span>
     <span class='ocr_line' id='line_1_28' title="bbox 169 3167 1249 3276; baseline 0.001 -36"><span class='ocrx_word' id='word_1_206' title='bbox 169 3192 258 3266; x_wconf 78' lang='lat' dir='ltr'>nea,</span> <span class='ocrx_word' id='word_1_207' title='bbox 282 3169 378 3248; x_wconf 86' lang='lat' dir='ltr'>vltro</span> <span class='ocrx_word' id='word_1_208' title='bbox 403 3179 570 3276; x_wconf 90' lang='lat' dir='ltr'>citroque</span> <span class='ocrx_word' id='word_1_209' title='bbox 595 3171 741 3273; x_wconf 76' lang='lat' dir='ltr'>miliae,</span> <span class='ocrx_word' id='word_1_210' title='bbox 776 3175 985 3273; x_wconf 86' lang='lat' dir='ltr'>priusquam</span> <span class='ocrx_word' id='word_1_211' title='bbox 1011 3169 1176 3246; x_wconf 85' lang='lat' dir='ltr'>Andreas</span> <span class='ocrx_word' id='word_1_212' title='bbox 1206 3167 1249 3241; x_wconf 89' lang='lat' dir='ltr'>in</span> 
     </span>
     <span class='ocr_line' id='line_1_29' title="bbox 116 3269 1248 3376; baseline 0 -28"><span class='ocrx_word' id='word_1_213' title='bbox 116 3269 119 3278; x_wconf 86' lang='grc'>’</span> <span class='ocrx_word' id='word_1_214' title='bbox 169 3279 421 3376; x_wconf 70' lang='lat' dir='ltr'>Hungariam,</span> <span class='ocrx_word' id='word_1_215' title='bbox 446 3285 596 3356; x_wconf 87' lang='lat' dir='ltr'>ineunte</span> <span class='ocrx_word' id='word_1_216' title='bbox 618 3283 690 3356; x_wconf 88' lang='lat' dir='ltr'>iam</span> <span class='ocrx_word' id='word_1_217' title='bbox 721 3275 943 3375; x_wconf 76' lang='lat' dir='ltr'>auuumno,</span> <span class='ocrx_word' id='word_1_218' title='bbox 968 3271 1120 3352; x_wconf 72' lang='lat' dir='ltr'>venriet</span> <span class='ocrx_word' id='word_1_219' title='bbox 1145 3295 1248 3348; x_wconf 82' lang='lat' dir='ltr'>anno</span> 
     </span>
     <span class='ocr_line' id='line_1_30' title="bbox 174 3375 1248 3562; baseline 0 -108"><span class='ocrx_word' id='word_1_220' title='bbox 174 3387 287 3474; x_wconf 84' lang='lat'>1046.</span> <span class='ocrx_word' id='word_1_221' title='bbox 324 3385 445 3460; x_wconf 72' lang='lat' dir='ltr'>Ouum</span> <span class='ocrx_word' id='word_1_222' title='bbox 463 3405 586 3460; x_wconf 87' lang='lat' dir='ltr'>autern</span> <span class='ocrx_word' id='word_1_223' title='bbox 599 3389 793 3464; x_wconf 83' lang='lat' dir='ltr'>Turotzius</span> <span class='ocrx_word' id='word_1_224' title='bbox 815 3383 953 3459; x_wconf 86' lang='lat' dir='ltr'>scribit:</span> <span class='ocrx_word' id='word_1_225' title='bbox 969 3379 1029 3480; x_wconf 88' lang='lat' dir='ltr'>(b)</span> <span class='ocrx_word' id='word_1_226' title='bbox 1066 3375 1141 3562; x_wconf 53' lang='lat' dir='ltr'>Pop!</span> <span class='ocrx_word' id='word_1_227' title='bbox 1155 3405 1248 3456; x_wconf 88' lang='lat' dir='ltr'>mor-</span> 
     </span>
     <span class='ocr_line' id='line_1_31' title="bbox 171 3482 1251 3605; baseline -0.019 -31"><span class='ocrx_word' id='word_1_228' title='bbox 171 3511 241 3574; x_wconf 70' lang='lat' dir='ltr'>tem</span> <span class='ocrx_word' id='word_1_229' title='bbox 267 3482 303 3574; x_wconf 72' lang='lat' dir='ltr'>S·</span> <span class='ocrx_word' id='word_1_230' title='bbox 331 3499 429 3605; x_wconf 85' lang='lat' dir='ltr'>regis</span> <span class='ocrx_word' id='word_1_231' title='bbox 456 3482 625 3596; x_wconf 72' lang='lat' dir='ltr'>Stephani</span> <span class='ocrx_word' id='word_1_232' title='bbox 650 3489 822 3570; x_wconf 71' lang='lat' dir='ltr'>transatii</span> <span class='ocrx_word' id='word_1_233' title='bbox 833 3485 924 3590; x_wconf 81' lang='lat' dir='ltr'>stent</span> <span class='ocrx_word' id='word_1_234' title='bbox 953 3493 1040 3565; x_wconf 85' lang='lat' dir='ltr'>anni</span> <span class='ocrx_word' id='word_1_235' title='bbox 1069 3487 1131 3562; x_wconf 88' lang='lat' dir='ltr'>X.</span> <span class='ocrx_word' id='word_1_236' title='bbox 1153 3511 1251 3562; x_wconf 69' lang='lat' dir='ltr'>men.</span> 
     </span>
     <span class='ocr_line' id='line_1_32' title="bbox 160 3581 1253 3704; baseline -0.005 -35"><span class='ocrx_word' id='word_1_237' title='bbox 160 3593 221 3704; x_wconf 85' lang='lat' dir='ltr'>ser</span> <span class='ocrx_word' id='word_1_238' title='bbox 248 3591 316 3671; x_wconf 84' lang='lat' dir='ltr'>IV.</span> <span class='ocrx_word' id='word_1_239' title='bbox 342 3623 448 3702; x_wconf 82' lang='lat' dir='ltr'>osque</span> <span class='ocrx_word' id='word_1_240' title='bbox 469 3597 520 3676; x_wconf 82' lang='lat' dir='ltr'>ad</span> <span class='ocrx_word' id='word_1_241' title='bbox 533 3623 663 3674; x_wconf 81' lang='lat' dir='ltr'>annum</span> <span class='ocrx_word' id='word_1_242' title='bbox 680 3597 994 3700; x_wconf 78' lang='lat' dir='ltr'>primumimperii</span> <span class='ocrx_word' id='word_1_243' title='bbox 1016 3581 1183 3670; x_wconf 75' lang='lat' dir='ltr'>Andreae</span> <span class='ocrx_word' id='word_1_244' title='bbox 1199 3615 1253 3664; x_wconf 75' lang='lat' dir='ltr'>re-</span> 
     </span>
     <span class='ocr_line' id='line_1_33' title="bbox 170 3693 1255 3820; baseline -0.001 -46"><span class='ocrx_word' id='word_1_245' title='bbox 170 3707 228 3820; x_wconf 79' lang='lat' dir='ltr'>gis</span> <span class='ocrx_word' id='word_1_246' title='bbox 242 3727 260 3794; x_wconf 85' lang='lat'>,·</span> <span class='ocrx_word' id='word_1_247' title='bbox 294 3699 442 3802; x_wconf 84' lang='lat' dir='ltr'>seipsum</span> <span class='ocrx_word' id='word_1_248' title='bbox 469 3701 629 3787; x_wconf 75' lang='lat' dir='ltr'>conficit.</span> <span class='ocrx_word' id='word_1_249' title='bbox 692 3706 855 3782; x_wconf 89' lang='lat' dir='ltr'>Mortem</span> <span class='ocrx_word' id='word_1_250' title='bbox 881 3703 980 3776; x_wconf 87' lang='lat' dir='ltr'>enim</span> <span class='ocrx_word' id='word_1_251' title='bbox 1015 3705 1050 3797; x_wconf 62' lang='lat' dir='ltr'>S,</span> <span class='ocrx_word' id='word_1_252' title='bbox 1075 3693 1255 3808; x_wconf 71' lang='lat' dir='ltr'>Stephani</span> 
     </span>
     <span class='ocr_line' id='line_1_34' title="bbox 148 3803 1200 3906; baseline -0.007 -26"><span class='ocrx_word' id='word_1_253' title='bbox 148 3855 159 3866; x_wconf 73' lang='lat'><em>-</em></span> <span class='ocrx_word' id='word_1_254' title='bbox 694 3855 703 3862; x_wconf 84' lang='lat'><em>-</em></span> <span class='ocrx_word' id='word_1_255' title='bbox 779 3835 783 3842; x_wconf 52' lang='grc'>’</span> <span class='ocrx_word' id='word_1_256' title='bbox 1103 3803 1200 3906; x_wconf 79' lang='lat' dir='ltr'>regis</span> 
     </span>
     <span class='ocr_line' id='line_1_35' title="bbox 176 3927 1252 3976; baseline -0.004 -9"><span class='ocrx_word' id='word_1_257' title='bbox 176 3927 1252 3976; x_wconf 48' lang='grc' dir='ltr'>μκ--Μ--ι--ψψ--Μ</span> 
     </span>
    </p>
   </div>
   <div class='ocr_carea' id='block_1_5' title="bbox 21 3957 1254 4242">
    <p class='ocr_par' dir='ltr' id='par_1_8' title="bbox 21 3957 1254 4242">
     <span class='ocr_line' id='line_1_36' title="bbox 214 3957 1254 4114; baseline -0.013 -30"><span class='ocrx_word' id='word_1_258' title='bbox 214 4011 366 4114; x_wconf 62' lang='lat' dir='ltr'>(diffide</span> <span class='ocrx_word' id='word_1_259' title='bbox 387 4007 440 4082; x_wconf 67' lang='lat' dir='ltr'>Cr·</span> <span class='ocrx_word' id='word_1_260' title='bbox 459 4009 496 4080; x_wconf 76' lang='lat' dir='ltr'>T.</span> <span class='ocrx_word' id='word_1_261' title='bbox 520 4009 561 4082; x_wconf 85' lang='lat'>11.</span> <span class='ocrx_word' id='word_1_262' title='bbox 582 4033 614 4097; x_wconf 67' lang='lat' dir='ltr'>p.</span> <span class='ocrx_word' id='word_1_263' title='bbox 638 4029 729 4106; x_wconf 82' lang='lat' dir='ltr'>r-7.</span> <span class='ocrx_word' id='word_1_264' title='bbox 770 4007 819 4098; x_wconf 76' lang='lat' dir='ltr'>(b)</span> <span class='ocrx_word' id='word_1_265' title='bbox 840 4009 954 4080; x_wconf 74' lang='lat' dir='ltr'>ebron.</span> <span class='ocrx_word' id='word_1_266' title='bbox 978 4013 1014 4076; x_wconf 81' lang='grc' dir='ltr'>Ρ.</span> <span class='ocrx_word' id='word_1_267' title='bbox 1035 3957 1087 4080; x_wconf 75' lang='grc' dir='ltr'>Π.Ι</span> <span class='ocrx_word' id='word_1_268' title='bbox 1104 4025 1167 4092; x_wconf 75' lang='lat' dir='ltr'>etp.</span> <span class='ocrx_word' id='word_1_269' title='bbox 1195 4023 1254 4084; x_wconf 61' lang='lat'>44«</span> 
     </span>
     <span class='ocr_line' id='line_1_37' title="bbox 21 4165 106 4242; baseline -0.024 1"><span class='ocrx_word' id='word_1_270' title='bbox 21 4165 106 4242; x_wconf 61' lang='lat' dir='ltr'><strong>k</strong></span> 
     </span>
    </p>
   </div>
   <div class='ocr_carea' id='block_1_6' title="bbox 0 0 1396 4300">
    <p class='ocr_par' dir='ltr' id='par_1_9' title="bbox 0 0 1396 4300">
     <span class='ocr_line' id='line_1_38' title="bbox 0 0 1396 4300; baseline 0 0"><span class='ocrx_word' id='word_1_271' title='bbox 0 0 1396 4300; x_wconf 95' lang='lat' dir='ltr'> </span> 
     </span>
    </p>
   </div>
  </div>
 </body>
</html>
