2744 4298
450 181 627 256 tax
676 181 782 274 xx„
1036 186 1121 282 477·

84 333 239 446 «graffiis
263 335 304 416 de
326 337 412 420 uilla
432 341 531 450 Pest,
551 343 820 455 progrederetur
844 363 967 422 centra
1001 340 1177 427 Tartaru

87 469 169 522 cum
195 443 420 526 multitudine
450 476 690 546 armatorum
726 450 781 530 illi
809 445 851 524 de
883 439 1173 551 cmrbusteenibur

87 549 252 634 uillarum
287 551 429 657 retierst,
463 579 497 654 rr
515 556 640 662 sibiet
676 552 822 662 infima}
846 561 1076 662 congregati,
1107 573 1174 660 pte

89 663 207 756 uiuere,
230 677 292 762 per
307 685 411 764 queem
433 685 620 763 venerant,
646 660 871 742 retroibant.
897 701 949 720 -
975 661 1047 758 Ee,
1065 689 1174 768 quum

85 761 139 838 ed
161 764 347 866 quamdam
375 792 526 872 aquam,
562 795 650 876 quae
683 763 765 869 Seje
800 765 956 864 dicitur,
982 805 1036 826 -
1053 785 1177 870 perue-

88 869 220 976 uiſjini
230 897 247 963 ,·
267 867 340 974 post
364 899 474 978 aquae
489 877 700 988 tranfim,
726 878 788 979 qui
801 869 918 976 fiebat
931 890 997 974 per
1019 888 1174 974 mntem,

90 973 203 1078 casira
228 983 354 1055 metati
365 979 467 1082 stent.
493 1023 547 1044 -
574 1021 626 1045 -
643 981 731 1058 'Rex
740 978 826 1080 suos
852 983 997 1056 interim
1011 973 1176 1056 intabe-

93 1101 174 1160 tur.-
202 1101 271 1175 „vt
288 1085 333 1159 ad
351 1107 514 1189 pugnam
537 1087 685 1165 viriliter
704 1085 739 1160 se
764 1087 951 1164 haberent.
971 1101 993 1142 ‘⁴
1008 1121 1061 1146 ·-
1076 1085 1174 1164 inen-

92 1193 179 1294 gari
199 1210 315 1268 aurem
337 1185 512 1274 habebint
536 1188 619 1271 baec
643 1198 759 1270 omnia
778 1197 818 1270 iu
834 1189 1007 1292 derisum,
1034 1187 1075 1266 dr
1088 1187 1177 1270 nerei
1283 1275 1287 1284 ,

92 1292 244 1372 titudine
261 1295 493 1400 confidenter,·
513 1299 734 1405 adpugnare
746 1317 864 1384 iarun
890 1333 943 1358 ···
970 1323 1029 1375 cor
1045 1315 1080 1374 rt
1097 1301 1175 1375 ane·-

93 1425 189 1476 mum
208 1425 277 1478 non
293 1399 482 1486 hebebant.
541 1403 714 1486 Volebam
731 1399 1087 1510 quidem,eqaod5ex
1095 1421 1177 1507 per·

92 1506 210 1604 deret,
237 1529 279 1585 vt
305 1508 377 1613 ipst
396 1518 546 1592 cariores
562 1507 775 1615 peejirnodam
799 1505 1021 1588 haberemur.
1034 1509 1177 1586 -Ta·

92 1637 171 1689 men
199 1635 312 1698 1000.
337 1617 467 1695 milites
493 1619 703 1696 reinharde
721 1616 772 1694 ad
789 1613 975 1726 custodiam
998 1619 1177 1696 exercitur

87 1714 320 1824 ponebantur.
375 1721 481 1829 Quid
494 1723 633 1828 plura?
670 1769 695 1810 ,‚
714 1727 876 1821 Tartari,
910 1723 1048 1798 vadum
1075 1723 1177 1796 inue-

96 1881 121 1920 ,‚
149 1827 294 1900 nientes
315 1825 429 1930 longe
446 1829 491 1902 ab
513 1831 696 1926 exercitu,
723 1848 796 1904 vna·
816 1825 925 1904 noste
954 1827 1178 1904 vuanimiter

72 1981 120 2025 „‚
148 1931 379 2009 transierunt:
407 1937 505 2010 etin
530 1959 656 2010 aurora
687 1953 813 2010 totum
845 1936 941 2036 regis
974 1935 1179 2018 exercitum

95 2091 121 2132 ‚‚
143 2041 433 2138 circumdantes,
447 2040 588 2143 sagittas
606 2043 774 2117 emittere
789 2044 829 2114 in
844 2039 1074 2137 exercitum,
1089 2037 1181 2114 ficut

95 2191 121 2232 „
150 2148 360 2248 grandines,
385 2149 615 2250 inceperunt.
667 2150 830 2249 Hungari
857 2169 967 2244 vero,
994 2147 1080 2251 quia
1103 2142 1180 2222 fue·

97 2304 123 2344 „
150 2270 237 2326 runt
255 2249 372 2330 taliter
388 2257 583 2355 occupati,
611 2272 649 2328 et
666 2251 812 2328 illorum
828 2254 1018 2354 praeuenti
1037 2249 1183 2350 astutia,

99 2411 124 2450 ‚,
155 2384 269 2462 quum
293 2361 421 2436 armati
446 2385 562 2462 equos
585 2359 667 2436 suos
690 2358 950 2446 ascendebant3
979 2360 1205 2462 nequibant

100 2521 126 2562 ‚,
153 2465 287 2544 milites
311 2465 392 2542 suos
414 2469 585 2544 dominos
602 2485 642 2541 et
662 2469 806 2542 domini
829 2463 912 2541 suos
925 2463 1062 2540 ‘milites
1078 2467 1182 2541 inue-

101 2631 126 2670 ,‚
152 2577 253 2648 nire:
280 2591 317 2648 et
340 2597 456 2674 quum
485 2575 530 2648 ad
553 2595 715 2672 pugnam
734 2570 971 2658 accederent3
997 2570 1123 2670 tepide
1136 2593 1183 2647 ae

100 2727 126 2766 ,‚
152 2673 289 2752 tamisie
325 2677 555 2752 accedebant
614 2681 739 2750 ‘Tanta
776 2677 877 2750 enim
908 2694 986 2749 erat
1020 2673 1185 2752 crebrost

21 2785 27 2807 ⁵
102 2841 127 2882 „
155 2777 293 2858 emissio
313 2780 543 2884 sagittarum,
569 2782 672 2884 quod
698 2779 770 2856 iere
791 2782 956 2858 vmbram
990 2781 1188 2882 pugnanti·

10 2903 12 2940 ³
88 2929 129 2986 ·,,
158 2893 223 2966 bus
252 2885 449 2962 faciebant:
475 2927 530 2986 ·.·
564 2911 623 2986 et,
650 2888 673 2962 fl
703 2887 846 2964 mixtim
873 2907 919 2962 ex
947 2909 1183 2988 quacumque

10 3001 43 3079 ἢ,
102 3053 127 3093 „
157 3015 257 3100 parte
277 2995 377 3068 ibant
399 2995 564 3096 Hungari
586 2996 631 3071 ad
652 3015 838 3097 pugnam5
863 2987 917 3072 illi
943 2996 993 3070 eis
1019 3015 1105 3070 cum
1136 2990 1186 3074 st·
1239 3075 1241 3082 ,

103 3154 129 3200 ,,
156 3101 257 3206 gittis
278 3101 427 3176 obuiam
452 3101 660 3200 venientes,
684 3099 777 3203 ipsos
802 3095 893 3176 infra
915 3101 1115 3182 exercitum
1133 3121 1188 3176 re·

105 3268 130 3308 „
159 3208 350 3284 trocedere
366 3205 563 3284 faciebant:
587 3209 638 3284 ita
659 3205 761 3309 quod
777 3204 842 3306 ipse
864 3227 910 3279 ex
931 3202 1051 3281 calore
1066 3207 1184 3282 nimiu

11 3327 17 3428 j
104 3367 130 3408 ,,
157 3335 196 3392 et
220 3310 380 3415 angustia
402 3315 559 3392 maxima
583 3315 629 3388 ad
655 3331 796 3388 tantam
815 3305 1056 3388 laffitueinem
1075 3333 1187 3390 vene·

107 3473 134 3515 „
159 3441 262 3519 rant,
290 3441 333 3496 vt
349 3445 412 3496 rex
436 3441 475 3494 et
499 3419 705 3498 colocenses
730 3417 886 3519 archiep.
905 3455 959 3478 --
977 3443 1046 3495 uec
1062 3417 1187 3516 minis,
1305 3511 1311 3524 Ι

108 3587 133 3626 ,,
160 3550 282 3626 neque
301 3522 570 3603 adulationibus
598 3551 640 3602 ac
666 3525 930 3602 monitionibus
953 3527 1026 3600 iam
1053 3525 1099 3600 ad
1121 3547 1188 3626 pu·

10 3627 20 3704 2
106 3687 132 3732 „
160 3657 271 3735 gnam
291 3629 620 3734 poterant-aliquos
645 3629 838 3728 destinare,
865 3631 909 3706 ab
929 3655 1055 3707 aurora
1072 3652 1189 3732 vsque
1297 3629 1302 3636 ’

104 3787 131 3830 ,,
157 3742 205 3816 ad
224 3740 412 3818 meridiem
428 3743 468 3816 in
486 3735 550 3816 tali
565 3736 728 3842 augustia
745 3735 955 3814 exsistentes.
1007 3741 1192 3839 Tandem,

10 3845 20 3902 1'·
105 3895 132 3937 „
157 3869 275 3946 quum
296 3849 369 3920 iam
401 3843 555 3922 deficere
579 3849 811 3934 viderentur3
839 3845 914 3918 dur
940 3844 1189 3942 colomanus,

10 3989 22 4018 1
107 4004 134 4049 u
159 3952 270 4034 frater
293 3955 406 4060 regis,
433 3976 521 4038 cum
550 3941 618 4032 suis
653 3949 864 4040 candidum
893 3947 1115 4032 duriffimum
1143 3969 1188 4028 ex

10 4093 11 4096 a
1013 4115 1038 4160 a
1064 4081 1137 4138 m
