2738 4304
197 190 255 264 310
553 189 823 310 ALMYS

147 357 246 432 Keza
279 351 513 436 Baedardr'nnr
542 362 667 460 ponit:
694 359 825 458 quibus
863 350 1069 428 nominibus
1102 353 1223 426 Praius

149 459 386 562 Bascln'riam,
419 489 528 562 quam
551 461 642 538 infra
667 465 839 538 Siberiam
869 479 906 535 et
931 456 1032 557 supra
1068 481 1222 556 regnum

149 570 384 645 Astracanum
408 565 498 643 vltra
529 567 684 670 Volgum
705 567 858 644 fluuium
882 561 1080 664 geographi
1111 558 1226 634 collo·

151 695 258 770 cant,
299 669 476 774 intelligit.
526 676 630 748 Licet
658 675 768 776 igitur
796 694 915 772 neque
947 669 1137 765 Dentiam,
1165 691 1225 740 ne·

28 787 33 794 '
150 802 223 880 que
254 777 453 882 Magariam
483 783 523 853 in
555 783 711 879 antiquis
747 775 950 854 audoribus
978 775 1226 856 inueniamus;

150 905 303 982 utraque
325 903 447 960 tamen
475 907 572 962 trans
596 882 772 988 Volgam‚
799 905 910 983 quem
926 900 1129 982 anonymus
1151 871 1228 951 Eoi
1290 905 1293 910 ·

151 1007 285 1088 vocat,
313 989 375 1064 srta
395 990 473 1066 suit.

219 1201 342 1283 ,VIIL
385 1199 621 1306 Posteaquam
656 1211 909 1304 Hungarorum
939 1200 975 1270 in
1013 1200 1080 1272 hac
1107 1197 1226 1297 regio·

155 1329 204 1380 ne
229 1311 477 1384 numerus.ita
500 1303 617 1389 fuisset
634 1307 779 1405 ausim,
804 1325 845 1380 vt
869 1305 1029 1378 eiusdem
1051 1301 1222 1402 angustiis

32 1411 35 1418 '
151 1413 234 1509 capi
251 1433 362 1510 porro
384 1436 462 1488 non
484 1414 691 1516 potuerint3
718 1411 960 1515 longinquum
977 1411 1017 1482 in
1033 1411 1216 1504 Europam

151 1517 219 1590 iter
239 1513 448 1616 suscepturi,
482 1545 551 1619 ne,
592 1518 760 1594 distraffis
783 1510 1048 1610 voluntatibus,
1090 1513 1162 1584 huc
1186 1505 1225 1582 ii-

149 1615 213 1694 luc
236 1641 415 1719 errarent,
433 1623 591 1702 ,Almum
617 1625 677 1700 srbi
697 1625 776 1700 viae
792 1624 926 1700 ducem
952 1616 1158 1718 elegerunt,
1177 1639 1218 1690 ac

152 1728 384 1801 iureiurando
415 1731 676 1830 promiserunt,
717 1731 799 1825 (a)
826 1725 860 1801 se
880 1725 1033 1825 suosque
1061 1717 1224 1821 posteros

156 1829 294 1930 semper
321 1857 365 1906 ex
397 1837 473 1908 eius
507 1839 680 1940 progenie
715 1836 848 1907 ducem
880 1831 1066 1906 habituros
1077 1853 1105 1913 ς·
1125 1849 1224 1925 prae-

154 1937 238 2008 dam
263 1955 388 2011 tamen
409 1962 645 2018 communem
667 1937 735 2016 esse
759 1937 974 2022 voluerunt5
1001 1957 1070 2008 nec
1089 1927 1224 2006 absolu·

141 2060 229 2114 -tam
258 2045 414 2143 principi
443 2045 679 2144 potestatem,
706 2043 765 2118 sed
796 2041 840 2116 ab
867 2042 1084 2142 optimatum
1113 2035 1224 2112 confi·

153 2143 203 2220 lio
229 2145 470 2252 consensuque
495 2154 786 2252 dependentem,
814 2144 1059 2220 contulerunt.
1093 2147 1227 2218 ouem-

155 2251 353 2326 admodum
384 2275 505 2328 autem
534 2254 776 2339 seditiosorum
801 2269 839 2326 et
865 2253 904 2323 in
929 2251 1061 2324 ducem
1089 2245 1246 2346 conspi·‚

152 2359 310 2430 fantium
332 2357 539 2459 sanguinem
557 2359 784 2436 fundendum
803 2352 871 2431 eise
888 2353 1115 2430 declararunt
1124 2379 1138 2439 ,·
1174 2355 1228 2426 ita

156 2456 308 2535 viciffim
334 2459 486 2539 Almum
502 2469 650 2567 eiusque
674 2461 836 2566 posteros
857 2463 902 2534 ad
917 2457 1114 2537 unuiones
1133 2460 1227 2556 opti·

149 2585 290 2640 matum
314 2565 550 2645 obseruandas
578 2570 797 2674 obligarunt
851 2571 906 2642 Ita
933 2585 1058 2664 natue,
1093 2567 1145 2638 ita
1177 2561 1227 2636 sa·

151 2667 232 2744 &us
265 2693 303 2746 et
329 2667 462 2750 elesius
481 2678 556 2751 dux
579 2673 710 2752 Almus
739 2676 831 2748 adeo
860 2669 1052 2750 restridam
1081 2673 1121 2744 in
1144 2665 1226 2742 suos

152 2777 370 2876 potestatem
402 2785 565 2882 accepit,
608 2801 650 2857 vt
674 2784 752 2856 iure
776 2779 1126 2880 ,Porphyrogenitus
1159 2777 1227 2846 Ar·

152 2884 316 2980 padum,
342 2887 419 2959 eius
442 2884 575 2984 filium,
617 2875 776 2986 primum
808 2889 1007 2958 Turcarum
1038 2881 1097 2956 seu
1128 2885 1230 2953 Hun-

153 3009 324 3086 garorum
353 2993 576 3096 principem,
615 2989 804 3092 postquam
836 3014 939 3065 more
981 2990 1226 3064 Chazarorum
1260 3028 1262 3036 ·

147 3093 383 3194 inauguratus
409 3095 481 3194 est,
508 3095 674 3200 appellet.
701 3094 759 3194 (b)
801 3102 906 3172 Tunc
935 3097 1032 3170 enim
1067 3095 1131 3194 hic
1153 3111 1226 3162 am·
1261 3176 1263 3184 y

153 3191 333 3297 pliorem,
378 3227 487 3302 quam
510 3221 633 3304 pater,
667 3206 713 3300 in
735 3201 828 3302 ipsos
855 3203 1046 3300 optimates
1071 3190 1238 3296 potesta··

150 3319 226 3374 tem
255 3309 420 3407 accepit,
446 3333 539 3410 quos
558 3310 603 3382 ad
619 3311 730 3382 varias
752 3307 1000 3404 expeditiones
1026 3303 1078 3376 ire
1106 3292 1225 3394 iussit,

152 3407 269 3506 iisque
305 3428 415 3487 terras
446 3431 642 3514 occupatas
665 3414 836 3490 arbitratu
859 3407 921 3495 suo
950 3405 1152 3506 distribuit,
1176 3399 1229 3480 le-

151 3533 288 3616 gesque
316 3515 475 3622 pertulit.

1089 3723 1172 3802 Aa·
1192 3731 1196 3739 .

201 4023 251 4124 (a)
272 4011 465 4112 monuo.
485 4025 541 4088 v1.
580 4021 628 4114 (p
650 4024 697 4086 ue
715 4021 793 4094 aun.
813 4024 880 4108 imp·
897 4041 924 4094 r.
946 4035 995 4110 38·
