2744 4298
480 167 625 244 anx
674 161 834 242 xxtt.
1096 175 1169 258 521

142 377 169 426 „
196 351 430 438 eumquaque
451 337 717 434 adiacentium,
730 331 822 411 sunt
833 329 1038 408 nobiscum
1066 329 1106 404 in
1125 329 1223 404 bona

141 489 170 534 .
195 443 295 540 pacis
326 445 475 520 vnione.
529 447 650 538 auare
685 443 792 520 vobis
821 435 972 520 firmiter
1001 434 1225 537 praecipien-

141 597 168 637 „
195 551 514 648 remandamus,
549 569 730 652 quatenus
754 551 850 624 circe
874 567 940 640 ea,
973 563 1068 644 quae
1090 563 1159 616 nos
1185 558 1226 615 et

137 691 165 734 rr
192 655 444 754 loachimum,
471 655 634 732 nostrum
670 657 805 734 banum
837 647 1040 743 ascetum,
1080 649 1227 724 contin·

142 797 169 844 a
197 781 312 861 gunt,
337 759 402 838 tali
433 759 607 841 fidelitate
631 761 856 864 procedatis,
882 775 925 836 vt
942 778 1011 832 vos
1032 756 1137 830 omni
1162 751 1227 828 bo·-

141 907 169 952 υ
196 889 248 941 no
283 867 553 972 prosequamur.
606 871 732 969 Sciatis
757 869 878 966 enim,
902 862 1027 966 quod,
1053 861 1225 963 quamuis

139 1025 167 1066 „
196 971 303 1053 snnus
329 975 375 1050 ad
397 973 563 1076 praesens
585 973 715 1077 puerili
738 975 780 1049 in
806 969 924 1048 aetate
931 995 945 1058 5
969 986 1120 1065 tamen,
1157 969 1226 1056 ,do-

139 1121 166 1173 n
195 1080 298 1162 mino
323 1083 512 1182 propitio,
538 1084 716 1176 habemus
746 1075 988 1182 potestatem,
1029 1073 1136 1150 nobis
1171 1075 1227 1146 in·

142 1182 573 1392 ”sssiiiis⁹}‘³¹s{{¹
586 1188 802 1396 tisis
817 1177 1222 1371 :Dissussss

137 1335 166 1378 2)
457 1345 466 1370 s
803 1347 813 1368 a

139 1399 211 1473 Tra
238 1397 376 1476 utiense
398 1320 584 1503 testatur,p
596 1425 695 1478 anno
715 1399 788 1476 hoc
813 1391 1081 1476 MCCLXXII.
1098 1389 1225 1473 indies.

143 1501 186 1592 Χ
220 1512 309 1580 ·'-'-
340 1501 442 1584 XIII.
468 1527 614 1588 exeunte
636 1501 853 1612 Septembri,
878 1541 934 1566 -
966 1497 1095 1609 atnaffe
1126 1497 1224 1578 litte·

139 1635 203 1690 ras
227 1609 315 1690 dier·
338 1609 390 1689 D.
413 1618 533 1721 regis,
558 1633 729 1722 quatenus
750 1631 829 1690 erat
852 1627 1036 1688 coronatus
1053 1631 1131 1684 rex.
1155 1609 1224 1682 La·

138 1717 243 1794 dissai
279 1737 435 1796 matrem
465 1717 710 1812 Elisabetham
747 1719 951 1796 Cumanam
985 1709 1106 1810 tinne,
1146 1713 1222 1788 iam

141 1823 389 1910 ostendimus3
433 1827 597 1918 eiusdem
621 1846 773 1901 vxorem
792 1819 1034 1922 Elisabetham
1061 1813 1221 1894 Siculam

138 1923 264 2028 fuisse,
291 1951 336 2004 ex
353 1930 411 2004 his
430 1933 601 2033 Gregorii
625 1935 670 2008 X.
694 1927 848 2028 litteris,
871 1929 917 2005 td
941 1945 1106 2002 tenerum
1125 1927 1224 2026 ptin-

138 2037 259 2216 eiflem
285 2057 372 2114 cum
398 2040 531 2114 amotis
554 2040 695 2137 paterni
729 2033 993 2139 fignificatione
1025 2031 1143 2129 datis,
1167 2032 1221 2105 in·

139 2157 178 2216 te
206 2143 360 2244 igimusz
390 2145 454 2240 (a)
485 2194 510 2236 „
528 2143 671 2244 Habes,
697 2140 749 2220 fili
771 2135 946 2218 carissime
954 2199 967 2241 ,
991 2139 1157 2238 vnde-3
1178 2139 1221 2212 in

137 2273 165 2334 ε,
189 2269 323 2323 vocem
350 2247 597 2327 exsultationis
631 2269 670 2328 et
700 2241 933 2326 confessionis
955 2265 1143 2344 erumpas.
1168 2279 1223 2306 -

136 2399 164 2442 rs
191 2351 269 2454 lpse
304 2377 465 2457 namque
494 2358 562 2434 tibi
599 2357 756 2434 donauit
779 2357 890 2432 tantis
913 2357 1000 2432 oriri
1023 2347 1226 2448 natalibus,

11 2465 13 2480 '
137 2503 165 2554 ,
190 2459 373 2536 immensts
395 2465 581 2538 abundate
606 2465 754 2540 diuitiis.
804 2461 881 2562 lpse
904 2481 943 2536 te
950 2516 975 2560 ,.
990 2463 1030 2536 in
1048 2458 1152 2536 annis
1168 2457 1224 2532 iu·

136 2619 162 2661 „
189 2565 369 2641 uenilibtts
388 2563 650 2664 constitutum,
676 2569 722 2640 ad
743 2570 886 2670 paterni
905 2563 982 2642 solii
1004 2561 1153 2640 culmen
1168 2601 1222 2624 -

137 2722 163 2766 ‚,
190 2673 326 2746 euexit.
378 2673 475 2744 Ouid
508 2673 619 2772 igitur
655 2671 833 2748 retribues
863 2673 1018 2748 domino
1045 2691 1114 2770 pro
1140 2686 1221 2762 tan·

102 2823 106 2832 ι
136 2821 163 2870 ‚,
191 2777 262 2875 eis,
289 2799 383 2878 quae
402 2793 487 2852 tuae
514 2779 641 2852 tribuit
655 2778 873 2854 iuuentutis
897 2770 1091 2871 Professo,
1118 2773 1223 2874 ispa·

138 2934 171 2974 „r
191 2883 306 2958 ternis
331 2905 456 2958 autem
474 2874 628 2959 inclines
649 2879 835 2972 affatibus3
862 2921 916 2948 ·-
939 2903 1096 2986 regnum
1109 2897 1219 2964 tuum

136 3035 163 3078 ,‚
189 2987 236 3064 ab
259 2985 358 3090 ipso,
398 3011 464 3092 pet
495 3013 609 3091 quem
647 2991 754 3064 datur
792 2991 942 3094 regnate
972 2987 1217 3090 principibus3

136 3139 162 3190 „
188 3093 470 3197 recognoscens,
496 3131 550 3152 -
591 3091 645 3172 illi
675 3097 881 3172 iuuentutis
919 3114 1006 3172 tuae
1042 3093 1218 3196 primitias

135 3243 160 3286 η
190 3197 334 3290 offeres,
362 3212 416 3268 -ὸ
439 3243 494 3268 -ι
519 3202 582 3276 Ad
606 3203 711 3304 quod
730 3197 955 3278 serenitatem
985 3203 1123 3304 regiam
1141 3219 1220 3276 mo·

137 3319 162 3364 ⁰¹
189 3329 320 3384 nemus
332 3325 425 3406 ,·-
450 3325 632 3408 quatenus
654 3327 691 3384 tt
705 3305 943 3408 conssiatios,
969 3327 1007 3384 et
1023 3305 1217 3386 familiares

134 3459 160 3502 0,
188 3415 254 3507 tibi
287 3407 459 3490 assitmere
494 3413 656 3512 studeas,
680 3455 732 3474 -
760 3455 811 3476 -
840 3415 906 3518 qui
939 3435 1023 3516 erga
1044 3433 1148 3488 tuam
1164 3425 1220 3486 ‘et

121 3561 160 3602 ,η
186 3511 380 3596 carissimae
405 3523 445 3594 in
474 3519 616 3598 chrisio
637 3519 729 3596 filiae
754 3517 895 3596 nostrae
902 3573 916 3620 ,
942 3521 1087 3621 reginae
1116 3521 1216 3619 Vng.

133 3673 160 3715 ,‚
185 3619 348 3727 illustris,
377 3625 554 3702 consortis
579 3643 691 3724 tuae,
717 3621 882 3706 carissimi
911 3629 950 3702 in
978 3621 1120 3702 cnnsto
1143 3621 1216 3698 ⁴s'tsii

111 3773 157 3838 ⁴‚‚
182 3727 329 3830 enos,
353 3733 447 3836 regis
463 3731 640 3832 ¹Siciliae,
678 3753 804 3834 natae,
843 3731 1012 3839 personas
1039 3729 1213 3807 fidelitate

1064 3883 1089 3926 rr
1117 3861 1159 3914 ac
1204 3846 1213 3867 ‘
