2754 4306
265 207 346 297 4w
522 119 1052 266 'amorrasrt

195 345 275 438 ''Ad
300 357 482 460 Vgrinum
501 377 653 457 quoque
711 338 949 430 colocensem
965 353 1299 457 archiepiscopum,
1318 389 1324 404 ‘

212 463 364 566 scripsit,
390 485 434 540 vt
468 464 648 538 archidiac
675 463 713 533 ni
742 461 937 536 Sirmienfis
969 465 1220 538 temeritatem
1248 487 1299 538 re·

111 585 115 596 ·
210 575 410 674 primeret,
436 573 500 674 qui
527 564 720 660 Sirmienfis
747 564 904 667 episcopi
929 569 1005 642 iura
1036 565 1181 644 laedere
1201 593 1303 668 prae·

210 677 383 752 sumebat.
411 680 469 777 (a)
497 677 648 778 Propter
664 691 787 748 enatas
804 692 927 774 autem
943 673 1038 773 inter
1056 673 1303 774 vesprimien-

211 784 288 859 sem
318 781 529 884 episcopum
556 799 594 856 et
620 779 788 855 abbatem
816 785 850 853 S.
875 783 1025 854 Martini
1040 778 1142 878 lites,
1170 805 1303 880 perue-

209 890 346 965 tustum
376 896 410 964 S.
434 889 609 988 Stephani
645 879 829 988 diploma,
874 887 960 962 huic
985 885 1205 962 monasterio
1241 889 1306 960 da·

209 1015 319 1096 tram,
345 997 552 1072 innouauit.
583 991 643 1092 (b)
672 991 966 1067 Controuersram
1005 994 1095 1068 item
1129 994 1304 1068 eiusdem

210 1105 349 1178 abbatis
373 1125 458 1178 cum
486 1097 657 1202 episcopo
684 1097 908 1196 Zagrabiensr
944 1097 1216 1200 complanatam
1244 1096 1305 1171 lit-

209 1211 296 1284 teris
319 1209 389 1284 suis
414 1201 628 1306 complexus
654 1201 716 1279 est.
746 1207 804 1301 (c)
859 1207 946 1280 Erat
982 1224 1074 1280 tunc
1104 1201 1303 1306 episcopus

211 1313 450 1416 Zagrabienfis
480 1312 687 1411 Stephanus
711 1311 756 1382 11.
780 1311 844 1410 qui
868 1335 1010 1386 nouum
1032 1311 1304 1386 canonicorum

211 1417 411 1525 collegium
433 1419 614 1496 Chasmae
639 1415 711 1504 laoc
742 1439 839 1519 anno
863 1419 1039 1497 condidit.
1066 1417 1127 1520 (d)

311 1631 496 1709 ccclxi
525 1631 704 1708 Omnium
732 1631 881 1734 quidem
903 1625 1213 1725 Christianorum,
1237 1629 1299 1709 sed

211 1741 422 1842 cumprimis
446 1739 730 1840 Hungarorum,
756 1733 927 1816 sollicitus
956 1731 1017 1809 ille
1045 1757 1168 1837 pater,
1207 1741 1330 1824 Gre·,

212 1849 339 1955 gorius
358 1848 416 1920 IX.
443 1845 629 1919 Andream
648 1837 859 1945 grauissimis
881 1843 996 1916 verbis
1016 1843 1235 1942 admonuit,
1255 1863 1297 1920 vt

210 1957 258 2032 ad
287 1948 407 2049 mala,
433 1973 529 2054 quae
556 1947 746 2050 superioris
764 1951 851 2023 anni
866 1944 998 2022 litteris
1025 1951 1069 2022 ad
1086 1949 1294 2024 Robertum

212 2055 481 2164 perscripserat,
510 2051 673 2130 tollenda
693 2054 886 2156 diligenter
904 2055 1145 2129 incumberet
1172 2061 1299 2130 Paruit

209 2166 296 2265 ille,
321 2162 693 2261 constitutionemque
719 2157 867 2236 similem
892 2159 967 2258 uli,
992 2185 1103 2262 quam
1131 2183 1220 2238 ante
1237 2163 1297 2238 de·

213 2275 388 2350 cennium
411 2269 594 2363 ediderat,
623 2267 753 2342 additis
784 2267 1002 2368 quibusdam
1035 2265 1302 2368 explanationi·

74 2415 76 2420 ¹
214 2382 303 2471 bus,
329 2370 517 2476 uulgauit,
543 2373 598 2466 (a)
630 2395 715 2446 cum
747 2375 818 2446 hoc
848 2369 1022 2472 epilogos
1047 2429 1069 2467 „
1093 2377 1141 2448 Vt
1169 2393 1302 2450 autem

190 2529 194 2538 ‚
214 2543 239 2580 ‚,
268 2483 357 2556 haec
379 2473 505 2552 nostris
530 2495 567 2551 et
588 2475 826 2554 successorum
843 2475 1047 2554 nostrorum
1065 2483 1302 2580 temporibus

213 2637 241 2682 „
268 2587 373 2664 firma
395 2603 433 2659 et
453 2579 660 2660 inconcussa
678 2602 936 2686 permaneant3
963 2603 1039 2660 tam
1065 2609 1154 2682 nos,
1183 2613 1302 2688 quarn

133 2771 139 2795 ,
214 2746 241 2798 „
267 2691 331 2771 filii
356 2687 488 2790 nostri,
516 2688 684 2790 praestito
704 2689 942 2790 corporaliter
965 2693 1304 2792 iurament0,con-

133 2859 139 2866 .
212 2861 239 2902 „
266 2799 515 2884 firmauimus3
542 2813 663 2870 ettam
682 2795 826 2892 noslro,
854 2819 965 2897 quam
981 2797 1144 2872 filiorum
1158 2797 1303 2876 nostro·

211 2963 239 3008 ‚,
264 2931 347 2981 rum
374 2898 491 3004 sigillis
519 2897 674 2975 fecimus
709 2903 888 2998 roborari,
924 2901 1124 3004 spontanee
1149 2903 1302 2980 consen·

210 3073 237 3114 „
263 3017 421 3104 tientes,
446 3025 490 3082 vt
521 3006 592 3080 saue
613 3031 705 3108 nos,
735 3008 804 3081 sue
829 3004 892 3080 filii
920 3007 1033 3083 nostri
1057 3029 1100 3085 ac
1125 3007 1301 3087 successo·

84 3118 92 3132 '
209 3167 236 3212 „
263 3139 320 3195 res
349 3111 460 3196 nostri
483 3110 581 3187 'hanc
602 3137 621 3186 a
641 3114 748 3189 nobis
765 3110 966 3190 concessam
986 3111 1193 3191 libertatem
1213 3141 1303 3191 con·

210 3281 235 3324 ,
263 3221 424 3325 srin'gere
467 3215 672 3309 voluerint3
720 3221 940 3320 strigonien.
985 3219 1303 3324 archiepiscopus,

210 3379 236 3425 ‚,
263 3321 448 3432 praemissa
471 3319 634 3425 legitima
659 3327 937 3424 admonitione,
963 3350 1033 3401 nos
1059 3325 1217 3402 vinculo
1244 3351 1303 3404 ex·

212 3494 238 3536 „
266 3431 612 3511 communicationis
632 3449 670 3507 et
693 3454 755 3507 eos
769 3431 977 3540 'innodandi
993 3431 1126 3508 habeat
1144 3433 1304 3534 potesta

213 3589 238 3638 „
267 3561 355 3616 tem.
379 3573 435 3598 -
450 3542 471 3579 ‘⁴
501 3535 592 3610 auia
619 3559 709 3613 vero
733 3537 953 3612 Iudaeorum
974 3557 1012 3614 et
1034 3544 1303 3618 Saracenorum
1346 3601 1347 3635 .

251 3656 257 3668 ‘
317 3651 326 3664 “
1101 3641 1256 3740 licen·
1345 3737 1346 3746 Ν

1118 3776 1120 3785 ,
1345 3749 1346 3785 l

211 3792 400 3813 m

253 3869 298 3940 ω
323 3863 381 3946 Ap.
398 3831 481 3945 Pray
492 3867 583 3930 Hier.
600 3871 817 3956 1².11.p.369.
845 3877 891 3956 (d)
910 3883 963 3960 Ap.
978 3877 1077 3960 Rayn.
1090 3877 1129 3938 ad
1141 3899 1193 3948 aa.
1210 3899 1303 3966 ιαμ.
1344 3859 1345 3935 l

303 3949 345 4005 N.
366 3965 417 4025 ²3·
460 3954 504 4026 (e)
524 3956 585 4031 Ap.
599 3953 712 4016 Furlat»
724 3955 810 4022 T.V·
824 3981 854 4040 ρ.
874 3962 945 4038 366.
991 3959 1043 4040 (d)
1080 3961 1162 4026 fflst.
1186 3965 1248 4030 Cr.
1267 3971 1297 4036 Τ.
1343 4009 1344 4042 r

224 4132 228 4139 .
300 4032 579 4109 Museo-dar.
621 4037 1239 4140 QJ'Ap.lluyn3adau.tsga·'N.13·-
