2744 4298
452 179 598 254 REX
650 175 682 252 Χ
712 177 753 254 Χ.
1038 185 1117 298 4ᾀς

85 351 259 453 quamdiu
290 371 563 449 commoratus,
590 348 708 452 aliqua
734 355 971 425 Tartatorum
1002 351 1173 428 incutio·

88 461 141 530 nis
166 457 351 557 praeludia
379 459 434 531 his
460 459 578 532 verbis
605 456 730 532 refert:
767 455 810 533 In
841 453 906 532 tac
944 454 1172 564 Vngara'ruru

86 583 181 638 tarra
206 561 318 650 ditias
330 565 456 665 frater
480 569 619 641 inuenit
647 563 816 640 Tartarus
831 585 865 640 er
888 569 1053 640 naariam
1071 563 1173 642 dacia

95 667 346 766 Tartatarum,
372 676 434 774 qui
456 666 600 768 sciebat
633 667 676 748 V
670 673 881 776 agaricum,
910 665 1172 768 liuthericum,

92 772 336 876 Germanicum,
370 773 643 873 Teutonicum,
675 777 922 852 Saracenicum
949 795 982 852 tt
1014 773 1175 852 Tartari-

89 905 169 958 cram
189 880 352 978 idioma5
379 888 441 986 qai
465 880 586 958 dixit:
624 883 773 985 „quod
798 885 979 958 exercitus
1005 885 1174 955 Tartaro-

88 1045 113 1084 „
140 1011 244 1084 rum,
271 990 335 1088 qui
364 1011 455 1064 tunc
484 989 620 1062 ibidem
648 991 693 1062 ad
726 1013 758 1085 5.
786 991 902 1062 dietas
919 987 1062 1061 vicinus
1079 1005 1170 1094 erat,

90 1152 115 1190 ‚,
141 1111 270 1168 contra
297 1091 552 1171 Alemanniam
578 1091 688 1169 vellet
714 1085 786 1182 ire',·
812 1093 870 1169 sed
897 1090 1030 1190 alium,
1058 1113 1172 1191 quem

88 1258 113 1296 „
131 1197 188 1278 ‚ad
205 1199 483 1278 deihufflonem
497 1197 679 1274 Persarum
695 1199 858 1297 miserat,
880 1196 1170 1300 exspeiiabant.“

79 1347 138 1362 --
165 1301 322 1404 Frater,
347 1303 402 1385 Itis
431 1301 592 1382 amnibus
625 1305 824 1412 intellefiim
851 1305 935 1384 litet
961 1303 1008 1380 ab
1045 1299 1088 1380 V
1081 1331 1172 1410 aga·
1205 1311 1215 1321 ”
1298 1372 1302 1382 t

83 1419 134 1490 ris
155 1411 391 1509 inar'taretar,
416 1435 459 1492 vt
485 1433 668 1508 manarat,
693 1437 762 1488 noa
785 1409 962 1489 decreuit.-
989 1452 1041 1473 -·
1067 1409 1172 1516 qaod,

72 1516 119 1622 fi
137 1541 213 1596 tam
234 1521 279 1594 in.
299 1516 399 1596 breui
416 1525 505 1594 mari
521 1537 585 1592 aut
611 1513 794 1619 infirmari
817 1523 938 1595 contin
968 1537 1040 1593 eret
1052 1545 1070 1610 ,·
1085 1517 1172 1624 sra-

74 1622 212 1730 stratur
228 1620 315 1731 'affer
335 1621 443 1702 ‘labar
454 1620 544 1728 strar
553 1649 570 1714 ,·
615 1648 651 1698 eo
679 1621 772 1727 quod
790 1649 854 1701 net
881 1543 1172 1729 iplfprofeciffet

81 1735 122 1808 in
140 1728 244 1825 allis,
285 1755 348 1806 nec
360 1726 512 1830 fratrer
543 1723 754 1836 Vagariae,
795 1727 858 1808 vbi
888 1727 968 1836 effer
998 1755 1087 1838 geas
1119 1753 1172 1802 aa·

82 1835 182 1935 dam,
199 1829 295 1934 scire
319 1833 464 1942 poffaat.
493 1873 545 1893 -
580 1831 717 1936 incepit
752 1841 870 1912 autertt'
892 1839 1021 1938 frater
1057 1832 1171 1911 redire
1226 1869 1237 1884 ⁸

82 1939 203 2024 tribus
225 1935 345 2017 diebus
366 1960 449 2016 ante
458 1936 591 2044 festum
613 1945 818 2019 natiuitatis
833 1939 879 2017 B.
902 1941 1043 2018 Ioannis
1060 1937 1172 2042 Bapt.

84 2067 119 2125 rt
144 2085 198 2153 7-
210 2043 363 2146 secunda
389 2043 444 2122 di'e
459 2042 534 2148 past
558 2052 786 2124 natiuitatanr
816 2045 949 2126 donini
991 2045 1174 2154 Vagariae

77 2169 205 2256 portas
231 2157 397 2229 intrauit.
449 2151 675 2245 Piosffifratris
704 2149 833 2228 Iuliani
860 2175 1020 2232 conatus·
1036 2151 1172 2228 bellurn

84 2259 333 2356 Tartaricum,
356 2259 463 2357 ‘quod
492 2260 594 2334 breui
610 2254 690 2359 post
717 2258 989 2362 consequutum
1013 2259 1085 2358 est,
1104 2256 1170 2332 suf-

84 2361 301 2438 flaminauit.
355 2365 575 2466 Opportune
609 2387 698 2442 vero
734 2365 795 2441 hic
830 2365 937 2443 frater
970 2368 1076 2446 aliam
1104 2390 1172 2466 pro

85 2470 206 2544 reditu
238 2471 334 2546 viam
367 2469 524 2572 delegit,
552 2472 654 2570 quod
680 2461 834 2545 Thracia
863 2474 937 2547 hoc
965 2497 1062 2548 anno
1097 2495 1175 2544 rur·

84 2573 143 2648 sus
170 2579 278 2650 armis
299 2573 564 2677 perstrepuerit.
619 2577 792 2650 Vatacius
828 2569 955 2650 enim
970 2575 1174 2652 Constanti·

89 2677 220 2778 nopoli
245 2681 361 2755 rursus
390 2681 629 2776 imminebat,
655 2681 762 2753 cuius
798 2687 1003 2780 potentiam
1034 2679 1172 2756 Aunes

82 2809 202 2886 quum
233 2783 424 2886 suspeCiam
457 2779 648 2871 habuiffet5
684 2785 729 2859 ab
757 2785 835 2859 eius
857 2781 1030 2864 societate
1061 2787 1094 2864 se
1122 2789 1174 2860 di·

81 2889 215 2987 uulfit,
241 2909 280 2964 et
305 2915 325 2964 a
347 2891 527 2991 Gregorio
544 2887 705 2991 legatum
730 2891 897 2990 expetiit.
946 2891 1061 2970 Hunc‘
1083 2894 1173 2968 Gre-

82 2999 211 3099 gorius
230 2995 340 3072 Beiae
368 2995 497 3072 litteris
523 2993 592 3069 suis
610 2998 886 3074 commendauit
894 3026 907 3086 3
933 3003 997 3096 iis,
1023 3001 1085 3101 qui
1109 3003 1176 3072 La·

85 3105 173 3177 tinis
189 3103 346 3204 aliquam
363 3125 473 3204 opem
485 3099 667 3202 tulerint,”
680 3103 777 3180 illam
791 3101 1049 3214 indulgentiam
1066 3103 1173 3184 idera-

86 3234 154 3313 que
178 3209 403 3320 priuilegium
423 3207 621 3319 elargitur,
646 3235 733 3314 quaa
749 3209 1014 3293 rranseunttbus
1039 3233 1074 3292 at
1086 3205 1174 3313 fiab-

83 3313 306 3395 uenientibus
330 3321 368 3394 ia
401 3333 517 3397 terrae
550 3315 587 3392 S.
610 3313 805 3418 stastatuta
839 3315 1082 3423 concedantar.
1112 3323 1175 3415 (a)

93 3423 192 3504 „·11.
215 3421 285 3498 kal.
311 3429 390 3500 lun.
419 3441 523 3522 pont.
552 3447 611 3497 an.
643 3422 702 3498 XI.
720 3429 743 3468 “
797 3425 920 3502 Quum
936 3424 1073 3502 Asanes
1089 3421 1173 3496 Bul·

78 3549 191 3630 garus
218 3529 359 3606 Latinis
385 3533 460 3604 iam
492 3525 733 3626 conciliatus,
771 3553 877 3624 ¹arma
908 3552 1038 3608 contra
1070 3534 1177 3606 Vata-

9 3643 676 3742 ε
1027 3641 1128 3755 erm

9 3755 14 3806 i
477 3787 1170 3814 *ma-...—

133 3880 529 3982 mmmmm

9 3993 85 4140 r‘
145 4009 523 4164 aaronem(
639 3999 793 4164 ’.ῦς
899 4175 903 4188 ⁸
