2748 4300
103 147 142 186 ’κ
261 131 340 234 mo
522 157 1038 232 cocomnnvs

199 321 312 402 datur
331 341 524 426 competere.
562 329 709 422 ,Haec,-
728 325 760 398 ‘fi
786 325 834 400 de
858 349 975 428 regno
998 322 1202 424 Hungariae
1227 319 1278 406 su·

200 449 369 525 mantuo,
398 431 542 504 admitti
568 455 644 506 non
674 428 794 531 poste,
823 443 923 530 patet
947 455 992 506 cx
1015 432 1078 524 iis',
1105 451 1198 526 quae
1213 423 1274 500 sub

195 541 231 611 S.
261 531 426 608 Ladislao
457 533 692 610 differuimus.
747 541 823 634 At,
851 535 937 612 fide
961 558 1077 635 regno
1108 533 1275 610 Croatiae

198 643 281 739 quis
306 641 433 714 eadem
457 635 620 740 accipere
637 637 726 715 velit
736 669 749 729 3
776 639 865 727 nihil
883 659 1087 744 repugnat,
1115 661 1194 738 quo
1212 633 1302 709 mi?
1370 635 1371 640 ’

196 765 265 818 nus
292 746 539 820 admittantur.
577 749 652 818 Iam
674 751 771 820 enim
792 745 877 820 alias
894 770 944 821 ex
962 745 1104 820 vetusto
1122 739 1274 816 ladrenfi

196 871 446 924 monumento·
463 849 640 944 vidimus,
667 855 702 924 S.
725 851 928 926 Ladislaum
952 853 1272 946 Ctoatiae‚‚quam

194 956 401 1056 Hungariae
425 951 561 1055 iuribus
577 953 786 1052 adiecerat,
813 979 935 1056 regem
963 954 1114 1033 Almum
1149 947 1276 1026 consti
1352 1047 1356 1055 ¹

195 1057 321 1145 tuiffe3
349 1082 460 1157 quem
490 1061 781 1136 tamen'duobus
806 1057 886 1162 post
908 1066 1010 1156 annis
1034 1081 1111 1134 non
1126 1079 1274 1154 regem,

66 1241 67 1244 ,
147 1207 167 1216 ·1
193 1163 254 1239 sed
275 1183 418 1236 tantum
436 1160 566 1240 ducem
584 1163 787 1240 Gaufredua
806 1165 973 1266 appellat.
1001 1169 1145 1260 Quare,
1156 1183 1271 1260 quum

133 1297 135 1302 ’
195 1267 333 1368 alioqui
366 1267 526 1368 constet,
566 1293 643 1348 non
676 1267 851 1368 Almum,
892 1270 951 1346 sed
980 1270 1274 1348 Colomanuma

198 1395 319 1449 morte
359 1377 393 1447 S.
418 1373 573 1450 Ladislai
597 1397 653 1449 tes
680 1379 867 1476 Ctoaticas
892 1371 1162 1472 administraffet
1198 1372 1269 1444 dici
1366 1417 1369 1422 ·

193 1476 442 1556 vetofimiliter
478 1478 622 1580 potest,
665 1477 818 1560 Almutn
853 1477 1055 1566 colomano
1089 1477 1272 1552 eroatiam

184 1579 349 1671 ceffiise3
390 1581 632 1660 colomarium
659 1605 782 1662 autem
810 1586 954 1684 Almo,
996 1585 1113 1680 ueteri·
1146 1603 1270 1678 more,

194 1692 372 1782 ducatum
397 1687 612 1787 contuliise,
638 1692 741 1794 quod
756 1693 1069 1778 idemTurotzius
1088 1687 1272 1764 hisverbis

67 1805 70 1813 '
193 1793 336 1872 innuite
362 1798 422 1890 (a)
452 1793 503 1874 Et
524 1795 604 1874 duci
628 1795 758 1876 Almus
781 1797 943 1888 ducatum
960 1797 1115 1900 plenarie
1144 1785 1272 1891 conceſs

183 1901 249 2012 fic.
275 1907 357 1977 Noc
381 1901 495 1976 defuit
516 1897 629 1978 Almo
649 1901 737 1977 iusta
756 1901 871 1978 cauffo
894 1905 1076 1978 Croatiam
1094 1899 1273 1980 toloma-

194 2031 246 2082 no
267 2008 464 2105 regendam
493 2009 761 2098 committendi.
814 2015 913 2083 Nam
940 2031 960 2083 a
983 2026 1101 2082 morte
1135 2009 1170 2080 S.
1201 2006 1268 2076 La·

193 2109 297 2186 dislai
323 2115 450 2198 Petrus
475 2113 622 2212 quidam
634 2171 646 2210 ‚
673 2132 921 2212 opportunam
950 2113 1175 2194 occasionem
1211 2105 1273 2180 ad·

195 2211 263 2290 effe
274 2233 372 2314 ranas
388 2217 592 2292 excutiendi
611 2221 687 2318 iugi
701 2219 919 2322 Hungarici,
947 2217 1054 2292 titulo
1066 2219 1159 2320 regis
1177 2209 1271 2290 vsur·

191 2340 302 2422 pato,
330 2321 508 2396 ditionem
543 2325 787 2423 Hungaricam
820 2321 956 2399 inuasst.
1008 2313 1097 2396 Non
1125 2343 1167 2397 ea
1199 2314 1271 2409 finit

194 2425 295 2502 Aimi
315 2429 507 2524 potentia,
534 2423 606 2528 qua
633 2433 741 2504 Petro
766 2427 940 2528 renitere,
984 2427 1196 2506 deficientes
1224 2424 1271 2496 ad

194 2525 357 2606 officium
380 2525 576 2631 reuocare,
602 2533 660 2608 ius
685 2535 843 2636 denique
866 2533 968 2608 suum
984 2533 1155 2608 indemne
1169 2549 1296 2630 praed

90 2735 91 2740 Ἰ
195 2635 282 2712 state
295 2633 467 2738 valuiffet.
519 2645 641 2714 fluum
661 2641 768 2739 igitur
789 2635 946 2734 vidiiiet,
972 2649 1064 2738 opus
1084 2634 1150 2712 effe
1167 2641 1269 2710 Hun-

193 2745 321 2844 garicis
346 2745 482 2826 viribus
505 2744 549 2816 ad
570 2741 730 2818 amisium
757 2749 813 2818 ius
831 2743 890 2819 seu
908 2745 1191 2838 uindicandum,
1208 2738 1270 2814 seu

191 2847 479 2922 conseruandum
487 2875 500 2936 5
518 2847 674 2948 prouido
689 2848 770 2924 sane
789 2845 936 2924 consdio
950 2847 1052 2922 Tuum
1070 2849 1142 2922 hoc
1158 2866 1272 2920 omne

192 2955 250 3027 ius
271 2957 309 3028 in
330 2951 597 3051 colomanum,
625 2959 689 3054 qui
707 2955 903 3029 maioribus
926 2956 1062 3028 'viribus
1081 2953 1125 3028 ad
1141 2949 1269 3026 eustin-

193 3061 378 3158 guendam
405 3063 502 3134 Petri
514 3050 753 3159 'tyrannidem
781 3055 970 3160 pollebat,
1010 3057 1208 3154 transtulit,
1245 3076 1270 3128 a

192 3187 270 3262 quo
288 3183 460 3264 pacatum
479 3163 549 3264 ipse
572 3166 745 3257 ducatum
761 3167 929 3248 obtinuit,
982 3169 1035 3238 lta
1049 3163 1273 3258 Turotzius,

114 3279 117 3289 “
197 3291 291 3366 quae
315 3273 360 3344 de
378 3272 482 3370 regni
496 3265 652 3345 ceffione
673 3271 872 3372 generatim
889 3271 1021 3368 habet,
1048 3265 1149 3344 ert-se
1167 3277 1270 3342 com·

110 3465 115 3476 Ι
196 3393 342 3448 mentus
367 3399 445 3450 non
467 3371 558 3462 fititt
593 3373 677 3470 sed,
701 3395 744 3448 vt
770 3377 808 3446 in
839 3372 914 3448 aliis
937 3377 1043 3449 etiarn
1071 3371 1274 3448 obseruati-

190 3501 296 3658 Epa,
322 3476 500 3683 pppundtia
533 3481 748 3580 quibusdam
782 3477 874 3554 male
904 3477 1155 3558 consarcinatis
1184 3500 1275 3554 con·

256 3603 296 3660 tt.
564 3613 566 3618 ’

1163 3747 1219 3826 A.

189 3872 1274 3947 mmm-*W

231 3985 280 4068 ω
301 3977 374 4052 ibid.
396 3990 538 4069 πρίω,
582 3991 625 4084 (ὁ)
646 3991 721 4052 Hie.
740 3989 815 4052 ctit.
835 3991 875 4054 T·
891 3987 993 4074 111·p·
1013 3937 1147 4070 rau-'sp
