2748 4300
234 131 309 248 in
496 151 961 226 annuenti

179 349 284 402 enarra
309 318 393 428 resp.
413 317 658 422 firbiretiorem
702 327 803 430 regni
835 313 1041 428 Hungnrici
1073 319 1254 422 perdidit,

180 433 453 530 tributumque,
479 431 580 528 quod
606 428 676 504 fine
701 431 798 502 bello
819 429 950 516 hebere
979 442 1140 524 poterat,
1182 424 1255 500 bei·

179 534 215 610 lo
240 538 293 608 bis
317 531 408 609 male
435 531 555 636 gesto,
582 535 758 609 Henritus
786 520 907 609 alnifit.
960 535 1002 606 Id
1025 551 1150 606 tamen
1174 539 1257 606 An·
1293 621 1297 626 Ι

179 645 280 734 dreas
299 637 463 738 pontifici
492 640 609 738 dedit,
638 651 679 714 rt
701 635 796 738 illam
829 642 1034 714 Pannoniae
1061 636 1255 736 superioris

167 765 342 845 partem,
369 767 477 846 quam
508 743 585 820 Aba
610 735 766 845 primurn
797 745 840 816 ad
865 748 1004 820 Leitam
1036 765 1149 844 usque
1186 742 1256 818 flu·

176 853 281 924 uium
313 853 347 924 ei
370 849 627 949 transcripserat
640 878 664 938 ς.
698 851 828 924 deinde
864 853 989 924 Petrus
1023 845 1134 948 pleno
1170 853 1254 924 iure

179 951 425 1058 posidendam
442 951 665 1078 peliquerat,
692 956 808 1030 eidem
833 959 929 1054 pacis
954 951 1069 1030 caussa
1097 951 1253 1052 cesserit,

38 1121 44 1143 2
180 1082 216 1137 et
236 1085 419 1157 armorum
445 1087 482 1134 tn
508 1067 660 1162 quosu'rs
685 1060 821 1159 hosteS,
856 1066 1016 1162 exceptis
1043 1057 1161 1158 Italis,
1198 1057 1253 1132 so-

178 1167 347 1242 cietatem
369 1164 580 1265 promiserit.
608 1171 666 1264 (a)
722 1171 777 1241 Ita
802 1169 938 1266 primus
973 1169 1094 1270 hicet
1118 1172 1252 1242 vnicut
1358 1197 1359 1266 }

67 1317 70 1322 -
180 1269 362 1370 pontificis
387 1275 426 1356 in
459 1279 679 1376 Hungariam
715 1275 892 1354 ¹aduentus
926 1269 1043 1352 fruslu
1079 1299 1157 1352 non
1195 1295 1255 1348 ca·
1309 1290 1311 1296 ·

178 1378 260 1450 ruit.
287 1377 347 1472 (b)
556 1481 565 1501 Γ

273 1569 326 1680 r.
356 1567 393 1647 e.
425 1594 536 1672 1055.
563 1572 682 1654 Arar.
708 1599 746 1668 9.
775 1511 858 1652 nr
879 1587 913 1664 r.
940 1571 980 1652 r.
1012 1583 1071 1652 1⁶.
1099 1573 1153 1676 Α,

273 1791 434 1863 cxviii„-
459 1792 644 1887 Andreas,
670 1787 820 1866 molesto
846 1791 917 1864 hoc
947 1785 1040 1864 bello
1063 1788 1251 1900 liberatus,

179 1895 661 1997 abbatianTnanyiensem,
686 1921 822 1997 quam,
842 1895 929 1970 dum
947 1897 989 1972 ab
1006 1898 1165 1996 Hernico
1182 1901 1253 1972 Po·

179 2001 318 2074 sunium
343 2002 586 2098 obsideretur,
611 2023 784 2100 vouerat‚
812 2005 882 2077 hoc
902 2025 1003 2076 anno
1023 1999 1173 2076 feliciter
1190 2005 1261 2076 alt·

180 2101 305 2201 soluit,
333 2102 552 2206 publicoque
579 2109 779 2210 diplomate
803 2099 970 2184 muniuit.
1023 2105 1115 2204 Cui,
1146 2131 1252 2206 prae·

67 2259 69 2267 -
178 2231 233 2283 ter
252 2208 486 2286 Benedislum
506 2213 833 2314 archiepiscopum,
858 2235 927 2290 tres
945 2207 1123 2312 episcopi,
1143 2218 1252 2296 Mau-

178 2337 258 2412 rus,
288 2313 479 2413 Clemens,
507 2317 702 2404 Nicolaus;
728 2322 821 2394 inter
845 2315 963 2420 plures⁸
984 2321 1161 2415 comites,
1181 2323 1251 2394 Za-

178 2423 271 2522 che,
299 2444 422 2498 comes
445 2421 581 2524 palatii,
611 2427 738 2524 Cupan
760 2424 887 2520 iudex,
914 2423 1095 2524 subscripti
1120 2421 1251 2529 legun·

169 2545 250 2598 tur.
301 2525 475 2630 Epilogus
503 2531 552 2604 ita
576 2531 707 2606 habet:
734 2531 844 2606 Anno
855 2525 1062 2630 firlr'etiferae
1082 2536 1252 2606 incarna-

176 2634 283 2706 tionis
309 2639 406 2710 unici
433 2642 585 2713 numinis
621 2635 705 2714 carli
736 2633 968 2739 septemplicis
1004 2633 1251 2738 uniuerfireqne

177 2743 362 2816 creationis
389 2761 499 2838 1055.
512 2742 670 2843 feliciter
695 2761 864 2850 regnante
894 2743 1057 2842 praesint
1089 2744 1251 2830 vitiario-

167 2839 293 2948 fifflrrro
315 2850 476 2948 principe
487 2906 499 2944 ,
526 2874 616 2922 anno
641 2849 742 2954 regni
753 2843 816 2948 sui
843 2871 953 2944 nono,
980 2867 1014 2922 et
1036 2871 1111 2932 cum
1136 2871 1171 2922 eo
1189 2873 1251 2922 nn

110 3002 114 3010 .
156 2943 329 3048 trlrffimo
353 2948 435 3026 duee
460 2949 557 3028 Bria.
584 2991 635 3008 —
661 2951 836 3046 Andreae
851 2951 953 3052 regni
974 2975 1093 3026 nonus
1108 2953 1167 3026 hic
1187 2976 1253 3026 an-

175 3075 244 3126 nus
268 3057 339 3128 dici
367 3080 443 3130 non
469 3055 606 3156 poffet5
626 3059 671 3148 st
704 3063 839 3160 primus
869 3061 944 3132 eius
982 3079 1096 3131 annus
1132 3055 1254 3132 suisset

179 3177 292 3254 1045.
321 3178 364 3234 vt
388 3159 490 3262 supra
512 3165 583 3236 iam
605 3165 881 3242 obseruauimus.
932 3167 966 3238 S.
997 3163 1254 3240 Gerndiuio·

176 3265 351 3362 graphus,
379 3265 474 3342 aliud
494 3293 641 3368 quoque
660 3268 911 3370 monasterium
935 3271 978 3344 ab
996 3271 1145 3344 Andrea
1160 3291 1253 3353 con-

178 3369 295 3441 ditum
320 3368 441 3468 fuisse,
469 3373 523 3446 his
543 3378 660 3450 verbis
683 3377 836 3450 indicat:
863 3378 918 3470 (c)
948 3370 1021 3480 Ipse
1045 3380 1149 3452 etiam
1166 3399 1251 3470 rex,

170 3480 303 3576 pietate
328 3475 426 3552 valde
458 3473 698 3580 Cirrislianrrr,
725 3481 788 3558 dato
812 3479 1014 3583 monasteria
1040 3479 1255 3583 construxit,

188 3575 397 3682 'sycimnnse
421 3611 554 3681 nrturn,
580 3587 727 3665 alterurn
763 3585 1007 3696 Vicegradurir.
1068 3587 1257 3660 Abbatiae
1349 3665 1355 3682 ⁸

216 3747 220 3752 .
1060 3698 1102 3767 ¹8.
1121 3695 1200 3766 An·

178 3841 1255 3887 r········-—--—---7--——--··--—·—-

221 3911 268 3996 (a)
293 3915 393 3978 Herm.
417 3917 523 3981 Contr.
545 3923 580 3983 ad
600 3945 644 3985 an.
667 3939 757 4012 1033,
800 3925 846 4010 (l)
868 3925 943 3988 uin.
965 3925 1019 3988 Cr·
1045 3925 1083 3993 Τ.
1098 3921 1143 3988 11·
1164 3945 1196 4008 p·
1213 3926 1257 4004 ⁶5

270 4015 365 4082 apg.
406 4003 452 4082 (e)
475 4005 548 4088 Cap.
570 4005 654 4070 XXI·
922 4065 925 4070 -
1193 4061 1197 4070 ·
