2748 4300
477 56 633 224 nnx'
687 128 797 202 v11.
843 127 846 134 ·
1045 140 1118 228 167

93 311 244 370 certum
270 314 348 364 non
364 290 446 388 est,
472 317 552 392 eam
578 293 700 368 Geisae
728 298 919 394 coniugem
943 291 1053 371 finisse
1106 303 1201 376 Ira-2

93 397 230 473 dislao
244 391 390 501 quidem
413 401 666 500 regitnuptam
687 395 782 472 illam
807 423 884 473 non
903 395 1024 498 fuisse,
1050 406 1173 494 Praius
1234 419 1240 426 ’
1280 393 1284 401 ’

96 509 217 577 docet
225 529 237 587 3
264 506 321 599 (a)
348 498 436 576 nihil
461 499 602 578 tamen'
618 503 754 579 obstare
780 505 911 602 video,
947 511 1023 606 quo
1052 511 1173 582 minus

69 607 231 704 ¹Belae,
259 608 352 706 patri
376 607 518 702 Geisae,
547 627 662 710 nupta
679 611 827 684 dicatur.
855 607 953 683 Male
979 615 1173 686 Turotzius
1216 681 1218 686 .

97 713 298 788 secundam
324 711 430 786 huius
451 709 557 786 Belae
575 716 769 814 coniugem
788 719 1173 816 vocatMargaritam,

99 841 196 918 quae
219 813 329 892 Belae
349 821 412 890 111.
445 837 556 918 nupta
579 817 667 903 fuit3
696 815 799 890 nihil
826 815 947 890 tamen
974 838 1173 921 repugnat,

101 945 180 1022 quo
202 924 322 994 minus
347 926 563 1023 Margaritae
585 925 670 997 huic
689 923 864 996 Graecam
881 925 1096 1022 Synadenen
1113 923 1175 997 sus-

13 1105 15 1112 ,
100 1027 280 1102 ficiamus.
350 1033 449 1102 Quae
484 1029 631 1128 quidem
664 1049 684 1098 a
714 1031 926 1127 Nicephoro
962 1032 1177 1124 Botoniate,
1279 1079 1281 1082 -

99 1135 176 1206 iam
212 1133 450 1232 imperatore,
496 1157 567 1207 nec
588 1127 723 1228 Belae,
757 1155 827 1206 nec
855 1131 977 1206 Geisae
1008 1129 1179 1208 collocari
1263 1165 1266 1170 ·

105 1240 254 1336 potuit,
270 1235 338 1310 illis
353 1239 450 1336 prius
463 1240 638 1334 mortuis,
655 1261 762 1336 quam
777 1239 971 1336 imperator
990 1235 1061 1336 ipse
1083 1259 1178 1312 crea·

102 1363 164 1414 tus
184 1337 300 1420 ,fuisset
320 1363 418 1416 anno
437 1353 549 1435 1078.
567 1345 664 1442 prius
693 1344 823 1442 igitur,
848 1343 955 1440 qnam
977 1365 1100 1416 rerum
1113 1365 1178 1441 po·

102 1439 194 1520 titus
221 1428 357 1553 suisset,
384 1468 464 1555 eapr
492 1443 651 1522 alterutri
672 1465 830 1546 nuptum
850 1449 959 1522 dedit.
983 1443 1043 1543 (b)
1139 1510 1143 1518 .

160 1655 163 1658 ’
205 1655 327 1734 CXLI.
353 1659 548 1756 Salomon,
575 1667 722 1760 accepta
745 1655 867 1755 clade,
882 1655 1111 1755 Mosonium,
1137 1675 1203 1732 vt
1255 1745 1262 1756 Ι

109 1768 295 1861 diximus,
321 1762 478 1866 elapsus,
501 1761 682 1843 iustiffima
711 1767 885 1864 quidem,
917 1761 984 1836 sed'
1004 1765 1181 1864 importu-

112 1897 163 1946 no
189 1891 356 1969 tempore
384 1865 475 1944 fasta
494 1869 772 1971 reprehensione
804 1869 927 1970 matris
958 1866 1060 1940 adeo
1080 1889 1182 1940 com·
1254 1925 1260 1934 .

110 1995 236 2048 motus
256 1971 330 2074 est,
349 1992 414 2083 gt,
445 1979 564 2050 omnis
584 1975 797 2050 monitionis
813 1973 1028 2072 impatiens,
1045 1995 1123 2046 eam
1141 1973 1180 2042 in
1261 2041 1278 2051 ,
1319 2053 1327 2066 ‚

106 2079 238 2155 faciem
266 2075 490 2178 percussurus
512 2079 621 2156 fuerit
631 2107 645 2168 3
678 2077 740 2152 nist
767 2079 900 2159 coniux
928 2073 1063 2173 illum,
1101 2095 1185 2174 pre·
1283 2098 1289 2106 ·

110 2185 221 2279 hensa
247 2188 315 2259 riri
339 2187 477 2282 manu,
500 2181 740 2286 prohibuisset.
756 2186 822 2278 Δ(,)
852 2203 860 2224 ’κ
872 2181 1042 2272 Musonio
1078 2177 1184 2255 Poso-

113 2295 240 2386 nium,
266 2291 366 2389 quod
386 2292 427 2363 in
451 2292 520 2364 hos
543 2303 695 2368 euentus
728 2307 833 2364 antea
857 2289 958 2364 bene·
981 2286 1183 2362 communi·

113 2413 242 2490 uerat,
270 2417 311 2468 ea
339 2387 565 2493 potifflmu'm'
579 2397 625 2470 de
645 2393 759 2472 caussa
780 2391 959 2493 proleslus
982 2392 1054 2490 est,
1080 2409 1131 2464 vt
1146 2405 1185 2464 et

108 2497 247 2574 facilius
269 2497 399 2577 auxilia
424 2504 570 2575 Hemici
592 2505 653 2574 Ν.
684 2524 777 2602 quae
795 2495 1023 2595 sollicitabat,
1051 2496 1186 2596 recipe·

13 2623 15 2632 ’
113 2625 176 2700 re,
205 2623 245 2678 et
268 2607 445 2702 promtius
468 2607 508 2679 in
535 2607 784 2700 Germaniam,
819 2603 842 2677 sr
874 2597 1062 2678 necamus·
1082 2621 1185 2699 urge·

113 2729 189 2812 ret,
217 2707 376 2810 effugere
402 2707 549 2808 posset..
589 2711 679 2786 Ouia
714 2723 824 2812 vero,
862 2707 1049 2807 postquam
1081 2703 1187 2778 Poso-

116 2817 217 2890 nium
240 2814 273 2888 fe
296 2817 455 2914 recepit,
480 2818 600 2902 timeri
620 2817 751 2916 merito
769 2817 910 2914 potuit,
936 2835 983 2886 ne
999 2821 1084 2886 cum
1099 2829 1186 2906 pau·
1273 2899 1275 2906 ,
1335 2879 1339 2891 .

117 2924 188 3015 cir,
208 2923 284 3022 qui·
307 2939 426 3020 partes
452 2925 529 2996 eius
560 2923 677 3018 adhuc
697 2919 957 3020 sequebantur,
984 2913 1188 2991 adsitasei·

117 3025 199 3098 dem
224 3027 306 3098 vrbi
333 3019 453 3126 plagas
477 3025 692 3120 incursaret,
718 3043 891 3122 metuque
921 3015 1114 3116 nonnullos
1141 3016 1187 3086 ad

97 3127 174 3230 ¹sua
191 3129 450 3232 lignacogeret
458 3157 472 3218 3
498 3131 543 3208 ad
563 3136 648 3221 eum
662 3129 906 3203 coercendum
922 3141 1068 3225 operam
1087 3119 1185 3196 suam
1266 3214 1270 3226 .

120 3231 251 3318 Biffeni
259 3263 272 3322 ς
295 3239 380 3323 ,iam
397 3237 536 3311 dudum
551 3233 623 3310 illic
638 3257 658 3307 a
671 3229 824 3307 Zoltano
840 3225 1027 3326 collocati,
1055 3229 1190 3328 siquam

120 3365 140 3412 a
165 3339 272 3414 Geisa
290 3337 489 3416 libertatem
515 3340 686 3444 consequi
704 3333 866 3438 pollent,
893 3335 1116 3412 obtulerunt.
1141 3333 1190 3402 Ee

116 3445 185 3518 hos
210 3441 360 3544 quidem
382 3443 557 3522 Salomon·
576 3444 677 3522 facile
706 3437 883 3541 dissipauit
890 3466 911 3528 ς,
929 3439 989 3542 (d)
1035 3441 1120 3541 quia.
1138 3452 1194 3508 ta·

112 3571 202 3624 men
226 3548 398 3652 oil'ffimos
421 3549 502 3626 illos
523 3547 679 3628 Biffenos
699 3545 815 3626 hostes
832 3545 915 3623 suos
940 3563 1128 3718 expertus?
1147 3537 1195 3612 sa-

436 3709 440 3719 .
473 3695 483 3703 -
553 3697 556 3702 ‡
600 3659 685 3752 La,
1070 3649 1137 3720 cie
1171 3649 1176 3654 ’
1206 3691 1216 3714 .
1258 3676 1262 3684 ’

505 3779 1190 3812 .,............................-.-.--

157 3865 209 3952 (a)
236 3869 307 3930 Diffi
321 3865 358 3926 de
375 3865 408 3928 S.
424 3865 496 3926 Lada
509 3887 536 3947 p.
556 3883 616 3945 go„
650 3861 695 3942 (b)
713 3861 788 3922 ΗΜ.
801 3859 852 3923 Cr.
864 3861 904 3930 T,
919 3855 963 3918 ll.
975 3877 1004 3937 p-
1017 3863 1195 3936 280-304.

218 3947 264 4028 (ι)
286 3951 409 4012 Tuon
423 3955 457 4012 P.
474 3947 515 4010 11.
532 3968 595 4030 cap.
616 3963 663 4028 52.
706 3945 754 4024 (dl
777 3941 823 4006 ld.
846 3943 888 4024 lb,
906 3961 968 4024 cap.
988 3953 1043 4021 53.
1066 3999 1070 4006 ,
