2738 4304
302 277 354 364 rr
489 241 1080 399 ·ctreruans

252 459 349 533 enim
373 447 428 528 alii
446 447 633 564 scriptores
655 453 824 550 tradunt,
852 452 1062 527 Conradum
1083 471 1168 523 cum
1194 456 1335 532 exerci-

151 579 156 587 ·
246 583 288 637 tu
307 561 526 660 Hungaridnl
541 555 681 632 intrasse
688 582 702 644 ;
728 555 846 632 nullus
862 576 985 656 autem
1007 552 1144 656 asserit,
1161 579 1332 660 pugnarn

251 671 362 741 etiam
382 660 603 742 commissam
624 659 703 738 else.
760 665 883 738 auid?
911 685 1001 736 num
1026 659 1156 735 ludum
1181 665 1329 744 dumta-

252 793 313 846 xat
331 769 507 864 faunus,
534 788 597 843 aut
610 771 834 870 Hungariam
848 766 962 843 solum
979 763 1227 868 inspeslurus,
1247 791 1330 847 tan·

253 899 306 952 tas
326 879 448 977 copias
474 875 665 950 Conradus
691 871 916 974 conscripsit?
943 875 1052 946 tantis
1074 875 1269 972 impendiis
1283 881 1324 952 in

248 981 471 1084 Hungari'am
498 982 712 1079 promouit?
736 983 847 1056 tantis
868 1003 953 1052 cum
977 974 1149 1052 molestiis
1179 981 1224 1054 ad
1254 987 1327 1058 Ar·

244 1093 419 1163 rabonem
450 1107 566 1183 vsque
595 1082 748 1158 fluuium
772 1085 966 1186 peruenit?
994 1085 1056 1158 An
1080 1107 1158 1158 non
1184 1083 1326 1163 facilius

249 1213 325 1266 crat
344 1187 402 1280 vel
426 1187 544 1262 fluuiis
570 1209 724 1289 pontem
745 1189 964 1285 insternere,
989 1185 1050 1262 vel
1069 1185 1170 1264 siluas
1189 1192 1321 1268 exscin-

243 1301 349 1392 dere,
376 1293 434 1370 vcl
460 1293 543 1369 alibi
564 1294 749 1368 tranfitum
776 1316 914 1372 tentare
926 1320 937 1382 3
972 1317 1083 1393 quam
1113 1301 1318 1374 exercitum

235 1391 547 1496 'tantum,‚rebus
582 1395 744 1496 infectis,
772 1403 965 1496 reducere,
999 1401 1206 1500 dimittere,
1241 1430 1319 1480 rur·

240 1507 318 1581 sum
347 1503 537 1606 colligere,
563 1504 699 1580 rursum
721 1509 760 1580 in
784 1505 1009 1608 Hungariam
1027 1508 1199 1582 reducere
1209 1523 1224 1594 ς·
1238 1535 1319 1584 ver·

243 1615 292 1686 bo
315 1611 464 1714 spatium
482 1615 662 1714 Hungaris
687 1614 792 1713 dare,
816 1631 859 1688 vt
880 1631 918 1686 et
937 1609 999 1710 ipsr
1017 1605 1145 1688 melius
1161 1611 1193 1688 se
1214 1639 1317 1690 com-

240 1743 389 1820 parare,
415 1717 622 1818 faciliusque
643 1713 799 1796 h'oslium
830 1718 1022 1791 conatibus
1055 1719 1204 1794 obuiare
1238 1721 1318 1820 pos·

236 1825 327 1898 sint?
353 1831 451 1900 Haec
474 1822 635 1926 prosedlo
656 1821 736 1898 satis
761 1825 944 1918 indicant,
971 1819 1066 1916 aliud
1096 1823 1229 1924 aliquid
1261 1831 1315 1900 in-

142 2011 144 2016 ,
238 1926 446 2028 teruenilse,
473 1932 574 2030 quod
597 1927 740 2004 consilia
768 1929 927 2006 Conradi
945 1909 1257 2016 sufflaminauerit5
1275 1933 1316 2003 id

108 2084 113 2113 ι
241 2059 397 2136 nempe,
440 2041 586 2136 quode
612 2035 818 2110 carthuitio
840 2035 1026 2127 vidimus,
1066 2038 1130 2134 qui
1161 2059 1237 2110 non
1263 2039 1316 2110 di·

239 2145 313 2235 cit,
338 2159 379 2214 vt
407 2139 597 2216 Bonlinius
622 2139 750 2241 fingit,
777 2143 954 2217 nuncium
989 2135 1090 2213 illuni
1124 2138 1313 2216 caelestem

235 2243 347 2320 fitiffe.
398 2249 492 2320 Fieri
514 2263 682 2346 poterat,
720 2265 762 2320 vt
785 2244 889 2322 illum
912 2248 1111 2342 Hen'ricus‚
1155 2247 1318 2320 Conradi

230 2347 358 2447 'filius,
387 2367 486 2452 patre
504 2347 649 2452 longius
672 2353 789 2426 adhuc
817 2372 970 2452 agente,
996 2349 1223 2426 suadentibus
1255 2377 1318 2453 pa-

238 2459 288 2530 cis
313 2453 540 2554 auctoribus,
565 2461 604 2532 in
627 2454 735 2532 castra
757 2455 907 2554 miserit,
933 2476 996 2555 vt,
1020 2459 1180 2532 exercitu
1190 2469 1319 2532 'reuer-

238 2559 298 2658 sd,
333 2557 469 2638 facilius
495 2585 564 2662 pax
591 2561 775 2638 instaurari
813 2561 938 2664 pollet.
1003 2567 1111 2637 Certe
1145 2561 1203 2636 seu
1229 2567 1315 2637 Car·

242 2669 442 2762 thuitium,
467 2663 525 2744 seu
533 2671 754 2770 wipponem
773 2671 959 2744 audiamus
969 2693 980 2755 5
1007 2679 1052 2743 ex
1067 2677 1228 2770 vtroque'
1243 2668 1319 2744 san·
1344 2689 1345 2721 ¹

241 2770 339 2846 dium
378 2797 502 2874 regern
539 2771 702 2876 singulari
730 2777 817 2850 DEI
846 2771 1072 2876 proredione
1105 2773 1316 2870 defensum,
1342 2727 1344 2823 l

238 2877 406 2982 miroque
432 2877 547 2955 modo
582 2877 676 2955 bello
709 2881 794 2955 huic
830 2879 942 2956 finem
977 2877 1182 2980 impositum
1213 2879 1318 2955 fuille

240 2987 418 3059 videmus.
486 2987 550 3060 An
576 2988 774 3060 nonenim
803 2982 1038 3061 admiratione
1065 2987 1217 3088 dignum
1243 2985 1313 3078 est,

242 3091 286 3160 ab
312 3090 493 3188 ilenrico,
521 3094 663 3168 circiter
699 3112 758 3188 14
786 3115 901 3166 annos
927 3111 1037 3189 nato,
1067 3113 1155 3166 cum
1181 3085 1215 3168 S.
1241 3095 1320 3165 Ste-

240 3196 362 3292 phano
385 3219 513 3298 pacem
533 3201 661 3274 initam
685 3193 803 3296 fuisse,
829 3195 920 3300 quin
942 3215 1044 3297 pater
1070 3197 1261 3274 conradus
1279 3199 1319 3270 id

237 3295 402 3374 sciuerit?
429 3305 487 3402 (a)
1331 3331 1332 3336 ¹

313 3499 365 3576 A.
399 3499 438 3576 C.
469 3493 722 3602 1031.Stepl1.
752 3521 813 3598 31.
842 3497 916 3576 lnd.
949 3521 1009 3598 14
1036 3503 1074 3580 Ρ.
1103 3526 1163 3582 rr.
1188 3503 1246 3580 A.

339 3691 472 3767 LXXX.
499 3695 592 3764 Pace
613 3693 686 3764 iam
702 3693 864 3796 vndique
886 3712 1010 3794 parta,
1037 3680 1196 3796 viraque
1216 3697 1307 3774 Chri

236 3793 282 3868 lli
301 3791 474 3895 religione
494 3817 560 3897 per
584 3808 694 3871 omne
723 3821 878 3898 regnum
913 3817 1130 3901 propagata,
1157 3795 1322 3985 satrrtlegglllq¹

1007 4061 1274 4086 m

168 4096 172 4107 '
277 4127 330 4216 <a
354 4072 899 4218 m.cnm.r.1.,‚.„,-„,.
1015 4133 1082 4176 ²

184 4230 291 4249 .-ι.,,
