2800 4304
396 223 399 240 ·
513 148 656 304 rtrax
707 190 857 288 xiv„
1117 4 1383 293 31&

168 349 247 450 dit,
288 363 343 426 vt'
358 322 562 432 chronicon
589 355 1027 460 Claustro·Neoburgense
1051 334 1248 439 his'verbis

169 459 301 532 tradit:
332 467 391 556 (a)
434 461 610 540 MCLXI.
642 462 773 566 Geisn,
800 491 866 541 rea
896 464 1100 570 Vagariae‚
1126 465 1216 546 obiit
1232 499 1249 563 ;
1337 470 1345 485 '

168 568 225 638 cai
240 557 397 665 strcceffit
416 563 517 668 filius
541 577 613 649 eius
636 569 849 674 Stephanus„
876 577 935 674 qui
963 565 1030 647 nori
1057 574 1163 650 multo
1172 569 1249 676 post

168 683 276 772 ragno
285 677 477 772 priuatur:
506 697 539 752 et
563 676 742 774 Latinus,
757 679 882 778 fruto
897 675 1052 774 destinati
1062 737 1074 775 ,
1101 705 1248 785 regnunt

171 773 320 852 inuadit.
377 779 489 852 Cuius
515 783 656 857 obitum
679 805 766 856 mox
798 785 841 856 ad
873 803 1008 856 annum
1034 781 1245 882 sequentem

167 880 218 952 ita
249 880 391 982 defigit:
432 883 622 962 MCLXII.
653 887 806 964 Laalaus
836 884 932 963 obiit.
1001 891 1117 965 Vnde.
1146 895 1253 964 corri-

171 987 312 1086 gendus
340 987 388 1060 est
408 997 628 1090 Turotzius,
656 997 722 1094 qui
740 995 886 1066 breuem
905 993 1054 1092 quidem
1073 991 1129 1069 sex
1150 1017 1257 1084 men,

173 1089 262 1168 frum
286 1097 528 1196 principatum
554 1095 722 1174 Ladislao
741 1098 876 1174 tribuit
883 1123 905 1184 3,
922 1099 999 1173 eius
1024 1117 1146 1175 tamen
1172 1101 1249 1174 obi-

168 1214 249 1270 tum
268 1201 422 1302 retrudit
450 1207 494 1276 ad
512 1229 663 1278 ,annum
691 1225 803 1300 1172.
855 1202 947 1279 Dux
965 1201 1175 1300 Ladislaur,
1198 1209 1254 1280 in·
1323 1231 1328 1252 t

171 1303 272 1402 quit,
300 1303 477 1406 (b)fi71'ns
494 1309 595 1416 ,tagis
617 1307 720 1388 Baiae
751 1308 872 1393 Caeci,
898 1305 1081 1412 ofiarpauit
1101 1309 1174 1410 fibi
1199 1337 1251 1388 co·

168 1431 289 1483 ronam
312 1409 455 1490 dimidio
478 1441 569 1490 aaran
579 1443 595 1508 ,·
637 1419 812 1521 migrauit
839 1437 954 1491 autem
985 1413 1036 1490 ad
1073 1413 1250 1498 dominum

169 1537 260 1588 anno
278 1511 373 1592 'dora
399 1519 632 1598 MCLXXII.
669 1519 823 1598 kalendis
858 1518 959 1595 Febr.
982 1523 1084 1619 saria
1113 1528 1245 1622 prima.

169 1620 279 1694 Hunc
303 1644 478 1701 nontam
501 1629 783 1720 chronicorum,
811 1621 922 1728 quam
944 1623 1168 1700 librariorum
1197 1653 1249 1717 er-

171 1747 293 1798 rorem
310 1725 376 1802 etse
389 1785 400 1825 ‚
431 1749 532 1831 patet
544 1757 588 1808 ex
611 1735 740 1807 codice
754 1727 1082 1808 Bruckenthaliano
1095 1789 1108 1827 ‚a
1134 1751 1247 1831 1431.

172 1827 374 1932 descriptO,
403 1839 466 1936 qui
490 1840 668 1912 decennio
696 1840 955 1915 Turotzianam
995 1837 1247 1929 chronotaxim

167 1936 220 2008 ita
248 1933 417 2012 retrahit:
444 1941 625 2048 Migrauit
650 1963 765 2020 aratam
784 1940 833 2020 ad
856 1941 1030 2024 dominum
1049 1965 1140 2016 aaran
1156 1941 1275 2018 dona*

154 2037 343 2142 'anillessmo
371 2043 521 2123 CLXII.
542 2048 586 2124 bl.
612 2045 801 2124 Februarii
809 2107 819 2146 ,
836 2049 939 2147 feria
962 2051 1092 2148 prima.
1147 2050 1248 2121 Neu-

169 2163 229 2216 tro
256 2167 375 2223 tamen
406 2176 502 2230 anno
528 2149 703 2254 kalendae
727 2153 910 2227 Februarii
931 2176 1014 2225 cum
1033 2149 1117 2224 feria
1136 2156 1265 2252 prima¹

89 2245 92 2256 ’
175 2272 437 2332 concurrerunt
448 2285 461 2344 3
490 2285 581 2361 quae
604 2281 716 2350 1172.
743 2260 781 2332 in
801 2251 926 2335 seriani
940 2261 1107 2343 ,tertiam3
1138 2270 1253 2338 1162.

174 2355 214 2426 in
241 2356 361 2434 feriam
382 2367 548 2464 quintam
565 2369 783 2440 inciderunt.
836 2369 878 2438 In
899 2366 1055 2462 antiquis
1068 2361 1137 2438 illis
1150 2367 1254 2440 chro-

173 2463 265 2535 nicis
292 2465 426 2568 aliquid
456 2493 539 2546 ante
574 2470 737 2546 kalendas
775 2467 1092 2546 athanaricum
1131 2467 1252 2568 fuisse,

174 2569 337 2644 Budense
365 2574 565 2650 chronicon
598 2577 760 2668 indicat,
788 2577 850 2650 vbi
869 2597 1038 2649 numerus
1063 2578 1111 2646 lx
1133 2573 1254 2651 kalen·

173 2671 229 2747 dis
263 2681 479 2774 praeiicitur.
545 2681 615 2760 Sed
651 2702 771 2776 neque
815 2675 878 2755 IX.
916 2675 983 2752 kal.
1017 2675 1117 2753 Febr.
1154 2703 1251 2754 anno
1352 2734 1356 2746 .

177 2781 290 2855 1162.
320 2804 405 2854 cum
434 2783 520 2858 feria
548 2787 683 2880 prima,
711 2779 767 2853 sed
795 2802 920 2883 quarta
947 2788 1140 2856 concurrit.
1195 2791 1253 2860 Vi-

173 2884 279 2956 detur
306 2889 420 2986 igitur
450 2913 493 2962 ex
526 2883 587 2961 illo
618 2911 771 2960 numero
806 2887 887 2988 plus
925 2889 1098 2961 detritum
1134 2887 1252 2994 fuisse,

174 2991 234 3074 cui
272 2989 296 3062 ii
325 3013 508 3090 praeterea
551 2994 781 3072 decenarium
806 3013 996 3070 numerum
1026 2995 1257 3095 adiiciamus,
1306 3073 1313 3092 ,

174 3115 376 3196 omnesque
409 3119 521 3195 potae
539 3093 815 3200 chronologicas
837 3103 886 3172 ita
905 3095 1157 3174 rescribamus:
1174 3103 1255 3178 An·
1316 3169 1327 3192 ,

177 3225 221 3276 no
245 3197 332 3276 dom.
366 3203 577 3280 MCLXJt-
601 3199 703 3278 XIX.
738 3203 804 3279 kat
842 3199 945 3282 Febr.
970 3205 1073 3300 feria
1098 3213 1253 3307 priam¹

119 3335 122 3340 ¹
179 3307 350 3406 deinceps
375 3313 497 3384 omnia
522 3313 588 3383 rite
611 3329 826 3408 congruent.
876 3313 954 3381 Hac
981 3311 1090 3408 igitur
1119 3314 1252 3386 adhibi-

177 3429 214 3486 ta
238 3413 487 3512 correttione,
515 3414 667 3490 Ladislai
693 3419 935 3514 principatum
960 3417 1002 3487 ab
1019 3417 1137 3497 idibus
1155 3417 1255 3492 Iuliis
1368 3419 1371 3427 '

182 3507 375 3618 auspicati,
407 3543 465 3616 14
487 3522 640 3596 Ianuarii
662 3521 841 3620 finiemus,
894 3517 998 3594 Istinc
1034 3543 1155 3596 autern
1191 3549 1256 3598 nu-

178 3625 307 3696 merati
334 3625 463 3726 arienses
491 3651 526 3725 5.
548 3625 621 3706 dies
649 3649 686 3721 ς.
715 3633 778 3727 qui
800 3628 1060 3725 StephanolV
1095 3629 1257 3705 tribuun-
1373 3669 1378 3692 ·

182 3745 266 3825 tur,
296 3728 411 3812 fistent
438 3757 507 3809 nos
540 3755 601 3826 19,
627 3735 743 3829 lunii,
771 3751 843 3834 qua
865 3735 1089 3832 Stephanum
1118 3738 1179 3809 IV.
1206 3761 1259 3810 re·

153 4051 161 4062 “
222 4043 269 4124 (a)
291 4042 349 4127 Ap.
372 4043 445 4105 Per.
467 4043 508 4104 T.
530 4041 558 4103 1.
578 4041 634 4105 coi.
659 4049 732 4128 446·
778 4040 824 4126 (b)
845 4043 958 4113 Chion.
981 4043 1012 4108 Ρ.
1033 4043 1074 4112 ΙΙ,
1093 4061 1156 4124 cap.
1184 4050 1234 4128 67.
