2744 4298
479 105 635 238 'nnn
684 151 787 234 xre
1066 167 1146 256 aar

112 381 137 426 „
164 327 390 408 Graecorum
417 327 655 408 multitudine
687 327 863 409 hostiliter
889 324 1105 408 intrudentes
1169 347 1209 412 et

116 438 355 536 „capientes
396 435 627 541 Gallipolim,
676 459 806 512 ornnes
844 435 1068 530 habitatores
1100 463 1114 512 r
1143 435 1211 514 nur

14 623 18 646 ,
118 593 143 635 ,,
171 541 310 618 crudeli
336 540 479 648 gladio,
523 543 730 620 differentia
753 539 857 618 sexus
883 540 944 618 vel
973 545 1099 620 aetatis
1128 567 1208 622 non
1355 545 1358 550 ’

120 699 145 740 „
171 647 323 750 habita,
348 649 583 754 iugularunta
611 669 650 730 et
671 649 805 722 deinde
821 649 861 720 in
884 645 970 722 sorti
985 671 1096 724 manu
1112 653 1211 729 Con·

120 794 144 838 n
174 751 451 857 staminopolim
474 756 702 854 obsidentes,
715 777 812 829 *earn
838 753 1079 828 credebantur
1104 779 1211 858 cape·

118 901 144 943 „
168 883 209 933 re
221 886 234 948 3
263 860 366 936 nifia
392 867 497 940 DEO
522 858 671 938 liberata
688 855 830 958 fuisset,
857 857 1009 962 desuper
1038 861 1212 938 adiuuan-

117 1009 144 1052 „
170 985 221 1040 te.
247 1005 300 1028 —
324 965 426 1042 Didii
449 993 539 1043 vero
569 969 742 1044 Vatacius
774 983 813 1040 et
846 962 1006 1064 Asanus,
1032 969 1127 1044 noui
1153 963 1212 1043 ro·

13 1107 22 1118 ·
115 1111 144 1159 ·,‚
173 1073 241 1146 bur
269 1077 448 1148 exercitur
469 1071 727 1170 instaurantes,
754 1068 853 1173 spem
890 1069 1128 1148 nihilominus
1162 1072 1217 1148 de.

117 1227 144 1272 „
169 1180 359 1280 triumpho
388 1181 623 1282 concipiunt:
668 1195 706 1252 et
729 1177 780 1251 'de
802 1199 907 1252 nouo
936 1179 1083 1254 ciuitate
1111 1179 1212 1256 Con·

118 1327 144 1373 a
172 1279 489 1386 stantinopolitana
516 1281 667 1382 obseffa,
693 1277 725 1358 se
755 1281 801 1358 ad
823 1281 1080 1362 debellandum
1109 1309 1212 1362 eutn·
1276 1379 1280 1390 ι

116 1433 144 1475 „
171 1392 256 1465 dem
288 1392 377 1493 imp.
407 1394 540 1468 iterato
567 1413 654 1466 cum
680 1385 832 1466 infinitis
859 1409 1081 1492 armatprunr
1106 1387 1211 1466 milli«

116 1539 146 1592 4,
174 1495 241 1570 bus
262 1500 511 1574 accinxerunt
538 1537 592 1558 -
626 1498 710 1570 Nos
738 1495 853 1596 igitur
876 1494 1210 1576 *celsitudinem

121 1645 147 1690 ‚,
173 1603 312 1704 regiam
327 1606 552 1680 monendam
568 1603 740 1677 duximus
761 1620 904 1678 attente
920 1621 959 1677 et
974 1603 1211 1702 hortandam,
1360 1679 1361 1682 a

124 1753 150 1806 „
178 1727 360 1808 quatenus
378 1731 496 1812 quum
521 1734 568 1786 eo
591 1707 708 1784 leuius
732 1725 771 1780 et
793 1709 901 1782 citius
918 1705 1080 1809 praefato
1093 1711 1211 1811 impe·

122 1869 149 1910 ‚,
175 1815 235 1908 rio,
256 1837 320 1916 per
347 1819 515 1898 homines
538 1813 718 1917 Vngariae
747 1809 929 1888 subueniri
960 1811 1107 1916 valeat,
1131 1836 1214 1915 quo

125 1977 152 2018 „
179 1921 214 1996 ei
242 1923 439 1998 viciniores
469 1917 664 2018 exsistunt,
690 1953 744 1974 -
778 1919 921 2020 regium
945 1917 1084 1998 (uideas
1118 1923 1217 1998 auxi·

126 2081 154 2124 ,‚
177 2022 268 2102 lium
288 2047 325 2103 et
339 2023 528 2104 confilium
547 2026 734 2126 impartiri.
757 2051 813 2088 ···
837 2027 920 2098 Nos
944 2063 999 2093 ι-
1022 2024 1120 2104 illam
1141 2029 1219 2126 eie,

125 2135 248 2232 „qui
283 2137 323 2208 in
356 2135 522 2210 eiusdem
559 2131 705 2234 imperii
733 2125 949 2232 ,succursum
983 2128 1239 2231 accerserent„
1320 2214 1324 2220 ,

132 2293 157 2332 ,,
187 2242 426 2335 concedimus
450 2241 598 2316 veniam
653 2253 892 2332 eccatorum,
917 2263 1030 2340 quam
1057 2241 1218 2316 habituri

129 2385 157 2429 ‚‚
182 2341 322 2434 forent5
350 2343 375 2420 fi
406 2365 522 2422 terrae
558 2344 645 2450 sarr¹
676 2338 950 2448 epersonaiiter
973 2343 1218 2432 subuenirent.

129 2493 156 2538 η
184 2471 246 2550 17.
271 2449 343 2532 irai
373 2453 541 2530 Ianuarii.
558 2457 582 2496 “
613 2451 675 2548 (a)

251 2667 305 2745 A.
338 2665 375 2747 ίῖ
404 2673 521 2770 1236.
548 2665 623 2748 Bel.
653 2691 688 2748 r.
714 2665 792 2752 Iud.
816 2693 856 2773 9.
884 2671 926 2754 P.
953 2695 1015 2777 30.
1042 2673 1100 2761 M.
1218 2701 1221 2712 ·

219 2865 429 2952 eccm.
456 2874 563 2979 Belo,
600 2883 770 2960 curandis
797 2885 904 2988 regni
927 2883 1141 2964 vulneribus
1162 2891 1218 2971 iu·

136 2997 282 3078 tentus,
322 3001 364 3056 vt
386 2987 582 3088 aerarium,
609 2987 752 3090 profusa
781 2988 997 3070 liberalitate
1021 2996 1133 3093 patrie
1159 3019 1227 3074 ex·

135 3083 326 3186 haustum,
351 3111 532 3189 repararet
538 3119 553 3182 i
579 3119 701 3196 neque
725 3097 831 3174 bouis
856 3121 900 3175 ac
922 3099 1098 3176 reditibus
1126 3127 1221 3208 quo·

133 3194 302 3279 rumdam
332 3193 580 3298 religiosorum
643 3203 841 3284 arcandurn
867 3203 1018 3286 censuit.
1070 3209 1133 3283 Ad
1159 3209 1223 3288 ab·

133 3297 219 3411 lata·
241 3299 462 3380 restituenda
490 3307 590 3407 grau·
620 3311 704 3384 nnis
732 3305 837 3387 illum
870 3311 991 3388 verbis
1018 3313 1221 3417 Gregoriua

96 3465 108 3488 .
134 3403 303 3508 pontifex
326 3409 540 3512 admonuit,
564 3436 611 3492 ac
637 3437 702 3515 per
727 3415 910 3601 pprotdanr
945 3415 1134 3523 episcopos
1161 3425 1225 3498 ad·

9 3531 13 3548 ’
136 3515 364 3606 monendum
379 3519 555 3618 curauit,
585 3516 649 3618 (b)
694 3517 736 3602 Χ
770 3517 820 3602 Ji
857 3519 926 3602 lul.
954 3523 1063 3610 Febr.
1082 3529 1219 3632 pontifi

136 3643 198 3696 aa.
227 3613 298 3696 lrt
352 3621 444 3696 fluia
462 3646 552 3703 vero
578 3647 701 3728 neque
724 3625 950 3710 colomanus
967 3631 1089 3708 adhuc
1114 3635 1224 3758 'rena

183 3943 507 4132 wffl‘rssmiff
531 3955 572 4024 V·
596 3973 626 4042 r.
647 3959 828 4047 arr-97⁶⁶·
866 3965 918 4048 (ὑ)
946 3949 1149 4126 filiurn·
1160 3963 1222 4040 ix·
