2800 4304
249 133 360 267 ἰσοχ
480 183 1095 265 srnrnsuvsra

197 379 279 436 eam
309 347 607 446 necessitudinem
630 375 668 430 et
694 350 903 432 affinitatem
928 377 996 435 nos
1025 377 1178 458 quoque
1191 358 1283 436 iam

204 464 310 564 supra
335 464 546 548 reiecimust
571 460 663 536 nihil
683 464 794 564 igitur
814 459 886 558 est,
913 473 1063 536 cur‘eas
1082 463 1282 560 procurfio·

202 593 289 667 nes,
316 567 379 644 etsr
406 563 539 646 caussas
564 591 688 646 earum
712 571 943 670 ignoremus,
968 569 1200 666 reiiciamus,
1234 593 1280 644 ac

30 657 39 678 ·
189 703 246 756 ,α
263 671 331 752 ipis
355 675 477 776 potius
511 665 722 778 arguamus,
749 669 963 748 affinitatem
987 670 1082 750 illam
1099 673 1196 746 inter
1215 697 1280 766 eps

201 804 278 860 non
298 755 533 856 intercessisse.
587 781 741 857 vberius
787 780 1061 880 expeditionem
1098 771 1278 860 Ruiiitam

198 891 300 968 idem
316 888 522 984 ,Turotzius
545 903 688 982 narrat,
724 887 875 984 eiusque
913 881 1067 960 caussam
1108 875 1279 985 assignat,
1395 960 1396 981 2

202 994 333 1096 quod,
367 1013 481 1091 quum
508 985 732 1068 Colnmanus
756 988 876 1089 piures
905 991 944 1062 in
967 985 1187 1066 Dalmatiam
1217 1012 1279 1064 ex·

200 1099 429 1203 peditiones,
452 1097 561 1172 rebus
587 1097 801 1198 Hungaricis
823 1096 1023 1170 admodum
1048 1092 1177 1192 utiles,
1211 1092 1277 1170 sus·

199 1206 360 1306 ceperit,
401 1220 617 1300 tantumque
649 1203 825 1300 temporis
854 1198 1014 1290 illinon
1038 1197 1279 1302 superfuerit,

200 1304 437 1404 recusem,
463 1299 618 1398 aRuslis
646 1325 857 1406 acceptam,
884 1306 1109 1393 vindicarem
1123 1311 1194 1404 '(a)
1235 1311 1276 1384 t'n

198 1433 308 1492 morte
322 1415 502 1516 praecepit
517 1407 597 1518 filio
614 1403 681 1511 fito
710 1431 745 1488 et
760 1407 986 1513 principibus
992 1463 1007 1508 ,
1048 1431 1092 1495 vt
1108 1409 1190 1514 'ipfi
1199 1408 1278 1516 post

197 1539 342 1596 mortem
358 1509 464 1616 stram
479 1512 588 1621 stupet
617 1509 780 1614 Rosciam
811 1510 1056 1615 ulcis‘cerentur
1075 1521 1273 1614 iniuriam,

171 1615 303 1731 'quam
312 1619 584 1806 Irpstfecerant.
636 1618 870 1696 Occasionem
896 1621 934 1722 id
964 1617 1181 1722 exsequendi
1208 1627 1277 1696 Be·

194 1756 285 1825 zen,
347 1723 571 1826 athenarum,
597 1749 675 1800 non
709 1723 1062 1822 Teutonorum
1089 1730 1185 1827 apud
1206 1730 1280 1802 Tu·

123 1835 125 1840 ’
194 1836 353 1910 rotzium
376 1833 511 1936 legitur
522 1887 535 1932 ‚
563 1827 623 1930 (b)
648 1832 749 1930 dux,
775 1825 929 1930 oburlit,
966 1853 1077 1930 quem
1103 1831 1275 1908 Polonici

32 2002 37 2013 .
189 1942 379 2042 scriptores
404 1936 599 2014 iaroslaum
627 1957 775 2014 vocant.
829 1939 904 2010 isa
931 1931 1164 2036 wladimiro,
1191 1940 1279 2014 Kio-

158 2045 161 2058 '
193 2045 306 2123 uiensr
332 2046 455 2142 duce,
482 2044 623 2118 ditione
640 2043 720 2139 sua,
746 2039 989 2138 wladimirus,
1010 2039 1205 2142 spoliatus,
1225 2044 1272 2118 ad

191 2152 442 2252 Stephanum,
469 2152 675 2252 Hungariae
700 2171 847 2250 regem,
872 2135 1050 2249 consurgit.
1113 2152 1182 2226 iiic
1211 2145 1272 2225 ille

190 2259 422 2340 Wladimirus
450 2253 537 2351 else,
576 2257 679 2328 cuius
713 2251 837 2328 sraude
874 2247 1099 2330 Colomanus
1127 2255 1272 2331 cladem

77 2451 80 2456 p
192 2363 360 2461 accepit,
382 2353 541 2436 uidetur.
593 2363 643 2434 Ea
670 2355 810 2433 sortasse
834 2359 952 2432 territi
975 2363 1161 2462 Hungari,
1180 2358 1277 2460 post·

192 2489 304 2567 quam
332 2467 432 2564 dux,
458 2467 562 2539 cuius
582 2462 697 2540 caussa
721 2457 853 2539 bellum
872 2465 944 2540 hoc
961 2461 1160 2566 susceptum
1177 2465 1272 2566 fuit,

196 2573 257 2648 ab·
273 2569 549 2672 erumpentibus
575 2564 690 2644 Rullis
723 2566 842 2658 caesus
871 2565 944 2671 est,
970 2591 1130 2673 pugnam
1163 2573 1279 2650 detre-

191 2675 346 2754 slarunt.
401 2677 480 2756 Rex
499 2681 640 2780 itaque,
667 2674 808 2750 subiicit
842 2679 1061 2776 Turntzius,
1087 2703 1191 2783 qaum
1220 2683 1276 2757 ui·

186 2783 312 2890 distet,
327 2779 371 2883 se
380 2777 528 2884 fiturum
543 2779 679 2858 auxisse
704 2775 789 2880 iuste
806 2774 1007 2882 destitutam
1017 2842 1029 2884 ,
1055 2778 1275 2886 reuersttsest

189 2895 229 2968 in
257 2887 499 2996 Hungariam.
550 2891 650 2962 Haec
675 2887 860 2982 indicant,
887 2911 1016 2989 graues
1036 2891 1273 2992 interregem

192 3014 230 3078 et
248 3000 441 3100 optimates
460 2987 649 3066 discordias
667 2987 820 3068 exarsisse
830 3017 845 3079 3
870 2997 973 3094 quod
994 3002 1085 3094 reri,
1110 3017 1178 3096 pro
1196 2992 1275 3095 glo·

188 3101 241 3174 ria
268 3095 499 3200 vindislaque
528 3119 638 3197 porro
661 3097 924 3200 pugnandum
951 3103 1171 3199 optimates,
1198 3097 1274 3174 sarr·

186 3207 338 3306 guinem
366 3201 597 3306 popularium
625 3225 706 3280 non
724 3199 792 3281 esse
813 3203 1102 3303 prodigendum,
1128 3202 1276 3280 censue·

183 3313 268 3385 rint.
320 3313 372 3386 Et
394 3309 698 3410 quia-procerum
725 3331 798 3386 vox
821 3310 912 3382 haec
935 3323 1035 3382 erat:
1062 3309 1138 3386 Nos
1152 3327 1273 3388 areum

181 3419 223 3494 e'n
247 3411 476 3523 Hungart'am
507 3411 718 3511 recedemus,
745 3432 780 3489 et
803 3405 903 3490 nobis
930 3432 1046 3520 regem
1080 3413 1243 3523 eligemus
1254 3409 1284 3508 ς’

136 3595 138 3603 .
181 3517 328 3595 Saulem
361 3513 513 3594 fortaffis
538 3519 585 3591 ad
609 3539 767 3618 regnum
790 3512 1045 3616 destinabant,
1084 3534 1133 3594 vt-
1154 3527 1290 3596 Turn·

179 3627 274 3698 tzius
293 3621 421 3724 paullo
444 3620 524 3724 post
551 3623 608 3696 his
632 3623 751 3696 verbis
773 3622 917 3696 innuit:
949 3620 1201 3704 Coniurauerat
1218 3645 1271 3697 re·

181 3751 316 3834 gauro,
344 3749 387 3807 ot
402 3723 479 3830 post
497 3751 578 3816 eam,
595 3722 702 3828 fissi
710 3719 847 3824 sororis
867 3731 941 3805 eius
964 3725 1136 3835 Sophiae,
1159 3730 1270 3806 nomi·

1172 3857 1215 3912 nt

212 4037 263 4118 (e)
290 4033 406 4096 esron.
427 4039 462 4100 P.
481 4033 523 4098 11.
547 4055 613 4120 esp·
640 4046 695 4112 ⁶2·
751 4041 796 4122 (ip
820 4039 898 4106 ibid.
925 4065 990 4130 cup.
1015 4049 1068 4124 63·
