2754 4306
199 167 275 253 rra
340 123 342 135 '
466 159 888 259 autricus.

75 383 77 393 .
145 351 218 428 que
243 325 379 402 diuersa
394 327 594 430 diplomata
611 329 683 404 hoc
708 351 804 402 anno
819 343 893 402 tam
922 319 1086 422 Oroatis}
1108 345 1230 429 quamv

144 429 322 509 Dalmatis
358 435 440 512 dara
470 438 711 536 reperiuntur,
766 435 1119 508 unibusbndreae
1136 453 1223 504 coe*

146 541 247 614 nobii
269 543 326 614 SS.
344 543 499 616 cosmae
521 561 559 615 et
579 545 749 616 Damiani
770 541 902 617 fundos
922 557 1053 638 auget,
1080 535 1226 610 subscri·

147 663 233 752 ptus
255 641 388 746 legitur
412 649 635 744 Bernardus‚
678 645 887 747 spalatensis
911 641 1222 746 archiepiscopus,

144 771 256 850 quem
279 754 486 847 Emerieus,
512 753 753 851 institutorem
779 771 885 852 antea
914 749 1040 844 suurn,
1066 749 1225 850 parentis

145 851 230 932 loco
254 857 391 956 coluit,
432 862 582 960 eiusque
615 855 728 932 caulla
759 856 878 961 plures
907 854 1072 958 ecclefiae
1102 851 1223 954 Spala-

149 961 238 1036 tenfi
273 961 413 1038 fanores
445 959 618 1040 exhibuit.
684 971 805 1066 fluum
838 965 948 1062 igitur
986 961 1222 1056 BernarduS,

146 1071 316 1164 Emerieo
338 1087 412 1153 tam
438 1093 561 1169 carus,
589 1073 756 1148 Andreae
774 1069 993 1168 diplomati,
1021 1089 1090 1140 ceu
1107 1065 1221 1158 testis,

147 1175 221 1250 hoc
244 1192 339 1247 anno
365 1173 577 1276 subscriptus
602 1177 659 1264 [ιτς
686 1178 758 1252 hoc
789 1199 886 1250 anno
917 1179 1044 1274 pace'm
1068 1189 1106 1248 et
1131 1193 1219 1244 con-

150 1279 310 1352 cordiam
334 1281 429 1354 inter
447 1279 570 1358 fratres
587 1273 756 1385 viguisse,
783 1299 881 1382 patet
889 1307 901 1366 ;
930 1304 997 1354 nec
1021 1280 1117 1378 enim
1137 1281 1220 1348 Ber·

147 1383 299 1479 nardus,
326 1382 494 1480 Emerico
523 1386 673 1487 relidlo,
700 1410 819 1490 partes
847 1388 1015 1460 Andreae
1049 1381 1222 1483 sequutu-

69 1485 74 1505 ‘
145 1507 226 1584 rus,
253 1491 402 1590 eiusque
426 1492 655 1575 voluntatem
675 1495 938 1596 approbaturus
952 1509 1029 1590 erat
1038 1514 1050 1575 3
1077 1487 1219 1581 fitunc,

146 1615 262 1697 quum
290 1594 381 1670 illud
412 1597 572 1701 diploma
604 1597 868 1701 scriptumest,
896 1599 1063 1672 nondum
1093 1595 1137 1666 ab
1170 1615 1225 1666 ar·
1358 1651 1359 1658 κ

147 1703 215 1774 mis
239 1698 470 1795 dilceffillent.
522 1708 626 1780 Licet
646 1725 768 1782 autem
788 1705 975 1780 Emericus
1000 1699 1218 1774 Dalmatiam
1358 1699 1359 1716 l

145 1825 183 1881 et
208 1807 390 1882 Groatiam
414 1814 581 1888 Andreae
599 1809 696 1886 fratri
715 1809 988 1915 gubernandam
1011 1802 1198 1904 reliquerit
1206 1827 1221 1888 ς

146 1911 350 2012 supremum
372 1933 495 1992 tamen
521 1921 577 1992 ius
600 1920 638 1993 in
663 1941 720 2014 eas
735 1916 940 2021 prouincias
962 1913 1120 1994 retinuit
1146 1911 1226 1984 Vna
1356 1953 1357 1956 ,

146 2019 194 2090 de
218 2023 421 2116 Bernardus
446 2049 595 2126 quoque
614 2049 752 2100 nomen
771 2027 867 2118 eius,
893 2037 1080 2120 tamquam
1105 2013 1223 2114 supre-

148 2126 200 2198 mi
225 2129 394 2230 principis
430 2128 552 2229 suique
580 2131 698 2232 regis,
728 2126 891 2210 adscribit
924 2122 1141 2217 sententiae,
1175 2116 1224 2194 se·

149 2229 313 2306 cundum
354 2237 512 2334 virgines
551 2236 719 2312 coenobii
759 2229 984 2330 Benedidlini
1026 2225 1142 2323 latae,
1159 2225 1225 2312 ‚his

150 2335 286 2410 verbis:
312 2341 370 2435 (a)
405 2340 538 2416 Aoum
565 2381 616 2394 -·
659 2337 725 2414 III.
756 2339 836 2418 r'drrr
861 2335 965 2433 Iulii,
1009 2360 1100 2412 arerro
1133 2329 1223 2414 dom.

150 2437 272 2518 MCC
289 2463 521 2552 -regnante
546 2453 585 2524 r'n
610 2444 805 2564 Hrmgaria
818 2446 980 2548 feliciter
1004 2433 1152 2548 gloriosi
1175 2462 1226 2511 re·

148 2572 194 2654 ge
219 2545 372 2626 Henrr'c'o
384 2611 395 2649 ,
422 2553 545 2654 quinto
571 2579 660 2635 anno
690 2559 792 2662 regni
814 2547 926 2654 ipfirrs.
978 2549 1136 2645 Quintus
1166 2567 1229 2618 ane

148 2663 220 2727 'nus
245 2659 418 2758 agebatur
443 2683 462 2732 a
488 2655 512 2730 I
516 2659 559 2735 X.
579 2657 646 2734 kal.
678 2661 776 2736 Maii
799 2663 911 2750 1196.
935 2679 1010 2756 quo
1040 2652 1133 2751 paui
1154 2643 1230 2750 luc·

150 2753 260 2835 ceffit.
314 2767 362 2836 Et
395 2767 594 2857 Bernartius
628 2769 778 2865 quidem
812 2763 898 2837 boni
930 2758 1078 2861 palloris
1108 2760 1232 2854 partes

151 2863 339 2966 expleuit,
372 2861 486 2968 quum
513 2869 695 2966 ecclesiam
719 2867 959 2969 spalatensem
989 2889 1008 2938 a
1036 2871 1234 2951 Parmeno.-

148 2995 230 3046 rum
260 2977 483 3076 contagione
514 2995 674 3076 tutatus,
702 2975 856 3073 multos,
895 2997 937 3069 ea
968 2970 1047 3045 labe
1076 2971 1149 3042 iam
1178 2967 1237 3038 in·

149 3073 282 3176 fetens,
311 3081 355 3158 ad
379 3103 501 3160 veram
526 3081 653 3158 Christi
678 3082 788 3174 fidem
810 3083 951 3170 reduxit
959 3103 971 3165 3
999 3078 1085 3174 quia
1101 3091 1229 3172 tamen

151 3207 281 3258 eorum
303 3209 380 3262 non
411 3191 540 3287 pauci,
577 3211 734 3289 quorum
763 3189 891 3261 animis
920 3179 1124 3286 pestilentes
1149 3178 1232 3277 opi·

150 3292 281 3365 aiones
311 3291 420 3366 euelli
452 3319 528 3369 non
565 3310 756 3394 poterant,
790 3297 830 3365 in
862 3293 1021 3366 vicinam
1053 3285 1232 3361 Bosninn

19 3407 20 3416 ’
151 3388 185 3468 se
215 3387 452 3498 receperunta
477 3403 713 3474 Innocentius
737 3399 971 3491 Emericum,
997 3413 1038 3466 vt
1063 3392 1233 3468 indidem

152 3523 215 3577 eos
246 3504 373 3625 expelli
397 3507 557 3604 iuberet,
585 3490 652 3578 suls
678 3503 806 3604 litteris
834 3505 1047 3602 adhortatus
1067 3487 1136 3578 est.
1164 3491 1233 3588 (b)

1127 3689 1182 3764 A.

166 3849 1243 3890 mmmmm—*oa—

201 3931 449 4098 (alzppfggpp
471 3941 512 4002 a.
535 3939 590 4003 111.
607 3963 639 4023 p.
666 3955 744 4030 ²332
776 3943 825 4069 (a)
847 3941 925 4002 nin.
953 3937 1031 4002 cnr.
1059 3937 1097 3998 τ.
1121 3937 1180 3999 tv.
1209 3959 1244 4022 p.
