2744 4298
307 102 371 118 Μ
504 163 870 280 uaxxx„
1075 137 1236 276 <4⁶7¹

125 339 346 444 Gregorius,
374 353 451 412 tarn
478 357 627 440 promta
653 333 761 414 Belae
784 334 977 416 voluntate
1004 358 1216 440 permotus,

129 473 204 527 non
226 467 372 538 tanum
390 469 516 546 regern
542 445 587 520 ab
613 445 677 541 iis,
695 468 790 547 quae
808 447 1040 522 iureiurando
1054 443 1115 520 sub
1132 470 1229 528 ana„

128 557 300 632 thematis
329 551 541 628 incurrendi
573 545 725 626 vinculo
758 549 991 650 promiserat,
1043 549 1193 636 absoluit
1200 583 1215 644 5

129 661 187 739 sed
222 664 334 738 etiam
373 679 515 754 cetera,
542 680 637 760 quae
654 657 844 758 petebat,
880 661 1013 757 partim
1047 661 1214 762 integre,

128 771 259 868 partim
285 759 441 842 testritio
468 754 653 841 conceffit.
682 769 742 861 (a)
771 763 1009 840 Geminarunr
1032 783 1217 864 praeterea

128 871 333 975 Raynaldus
356 867 586 968 litterarum,
631 869 677 944 ad
703 867 828 944 Belam
861 891 991 972 regern
1025 873 1215 970 datarum,

126 981 295 1056 meminit
302 976 388 1079 ‚(b)
418 974 546 1083 quibus
570 973 783 1083 Balgatiarn
797 971 888 1054 nulli
901 975 967 1056 alii
982 975 1218 1078 occupandam

126 1082 311 1194 conceffinn
336 1089 387 1162 iri
411 1083 459 1164 ab
479 1075 662 1264 apostolica
680 1077 786 1182 fide,
823 1106 866 1159 ac
896 1080 1118 1162 Pannoniam
1138 1079 1216 1184 firb

124 1189 229 1296 r‘pstus
249 1189 406 1270 clientela
430 1185 476 1270 ab
516 1183 637 1289 ostium
654 1183 909 1294 imputantque
930 1213 1038 1268 excnr
1051 1213 1128 1268 tone
1140 1196 1218 1266 oin·

129 1295 314 1382 dicandam
328 1300 415 1401 sore
427 1294 623 1400 pollicetur.
678 1295 832 1368 Subiicit
846 1293 929 1369 alias
945 1298 1110 1396 eiusdem
1128 1297 1216 1372 Gre-

127 1407 222 1506 gorii
247 1401 402 1502 litteras,
430 1404 583 1502 quibus,
611 1419 652 1476 vt
679 1402 854 1482 exercitui
876 1401 982 1478 Belae
1006 1425 1095 1478 crux
1114 1425 1215 1502 prae·

31 1583 35 1590 ,
124 1509 284 1608 strattu,
322 1504 500 1611 indulget.
542 1509 616 1604 (c)
670 1509 723 1579 Vt
753 1524 876 1580 autem
902 1511 1088 1610 expeditio
1120 1507 1214 1592 Iaera
1304 1589 1307 1594 ,

124 1613 262 1692 felicius
290 1617 461 1702 cederet3
488 1613 698 1714 Hungariae
722 1607 899 1712 praesules
916 1617 1132 1710 admonuit,
1150 1635 1207 1712 vr,

121 1721 267 1798 inditiis
281 1719 422 1824 populo
437 1717 781 1832 supplicatipnibus‚
800 1719 907 1794 Belae
917 1708 1081 1798 diuinam
1099 1743 1211 1826 opem

123 1849 325 1906 exorarent

197 2035 455 2136 ,CCCLXXI
490 2033 647 2138 Asanes,
684 2053 868 2136 apparatu
902 2053 1007 2111 tanto
1039 2042 1212 2145 terrimo,

120 2148 336 2222 Latinorum
364 2161 484 2245 partes
511 2141 628 2218 rursus
659 2139 866 2242 amplexus,
893 2141 1064 2223 Balduini
1090 2153 1208 2250 copiis

119 2255 188 2330 iter
210 2276 274 2354 per
296 2246 502 2352 Bulgariarn
530 2241 718 2324 concellit.
785 2250 894 2323 ouod
916 2269 960 2324 vt
984 2248 1208 2332 Colomanus

121 2383 275 2462 quoque
305 2355 461 2442 lacerata
488 2355 687 2456 Gregorius
709 2351 778 2430 suis
802 2352 906 2432 illum
939 2355 1068 2434 litteris
1096 2363 1207 2438 inter·
1325 2354 1327 2364 ’

120 2463 290 2569 pellauit,
317 2460 384 2566 (d)
415 2457 459 2544 V
453 2460 482 2540 I.
504 2459 572 2538 kal.
590 2457 678 2537 Dec.
702 2487 761 2538 an.
787 2460 874 2537 XII.
927 2467 1019 2540 fluia
1041 2491 1129 2543 vero
1142 2471 1204 2546 hic

121 2567 349 2648 Colomanris
373 2568 540 2671 singulari
561 2562 746 2666 religionis
765 2569 925 2642 tuendae
950 2566 1067 2646 studio
1083 2571 1208 2677 flagra·

117 2681 199 2776 uit,
225 2700 267 2751 ac
289 2695 424 2752 terram
447 2671 607 2767 Batnae,
634 2671 746 2743 verba
771 2667 853 2745 sunt
876 2673 1040 2750 eiusdem
1064 2679 1206 2781 Grego-

110 2787 184 2879 rii,
212 2789 267 2880 (e)
294 2776 414 2856 deletis
431 2775 510 2854 inde
527 2779 724 2878 prauitatis
740 2767 932 2854 haereticae
953 2773 1119 2884 rnacnlis,
1133 2811 1205 2864 non

17 2957 19 2966 ,
116 2887 247 2993 absque
271 2882 391 2964 multis
411 2879 607 2980 laboribus,
636 2878 786 2959 deduxit
808 2881 858 2960 ad
879 2882 989 2962 lucem
1014 2885 1203 2974 catholicae

38 2999 42 3006 '
108 2998 307 3101 puritatisr
331 2991 432 3066 idem
459 2985 625 3091 pontifex
654 2988 791 3064 meritis
813 2985 917 3064 illurn
947 2987 1113 3072 laudibus
1143 3021 1202 3074 ex·

119 3099 237 3201 tulit,
260 3121 301 3172 ac
324 3100 370 3175 ad
400 3094 648 3200 prosequenda
678 3094 771 3170 bene
797 3115 927 3197 coepta
945 3099 1111 3178 hortatus
1128 3101 1200 3203 est,

114 3209 204 3308 (f)
235 3201 298 3282 XI.
326 3201 394 3284 kal.
419 3200 496 3280 Ian.
517 3227 577 3278 an.
605 3193 688 3274 XII.
742 3204 917 3302 Rogerius
943 3206 1054 3283 etiarn
1075 3207 1202 3286 Belem

104 3317 165 3401 ¹ab
183 3315 255 3390 hoc
274 3311 391 3390 studio
415 3307 539 3386 laudat
564 3311 604 3382 in
625 3309 716 3382 haec
736 3309 871 3381 verba:
898 3311 964 3420 (g)
994 3313 1117 3418 Quum
1134 3313 1202 3394 Be.

114 3419 174 3518 Ia,
201 3445 268 3495 ren
290 3416 415 3526 Hung.
438 3423 531 3494 inter
547 3417 725 3518 principer
749 3407 962 3514 cirillianor
985 3421 1117 3500 zelator
1145 3448 1200 3499 ca·

112 3519 263 3604 thelicae
275 3520 367 3630 fidei
389 3519 615 3702 ποβινιηινᾶ
633 3525 672 3603 r‘n
697 3539 810 3598 mente
827 3521 928 3627 geffir
951 3525 1096 3628 affidare,
1116 3546 1202 3630 pra·

642 3645 719 3730 ΒΞ
1085 3659 1149 3712 aas

30 3932 42 3948 ,
155 3879 467 3966 (n)1bid.nuu,17.
508 3877 553 3958 (l)
576 3875 751 3952 ibidum,
778 3895 830 3962 ag.
872 3875 918 3958 (a)
940 3875 1025 3942 tor.
1053 3879 1124 3948 nn.
1152 3905 1200 3956 e.

214 3971 466 4049 2142150216.
507 3961 560 4046 (l)
583 3962 665 4030 Liba.
684 3964 754 4030 XII.
770 3981 906 4112 08314.
949 3909 1200 4055 (Olbiddpig.

214 4068 265 4138 ra·
307 4049 662 4136 (furtianum,
702 4051 754 4135 (a)
804 4047 1138 4136 mrotmpnn
