2744 4298
205 157 289 250 tce
419 197 438 270 g
530 136 737 258 usca
788 189 865 264 ιν.

154 317 249 398 uuir
272 325 467 432 Dionysius
485 341 663 441 palatinus
688 359 797 432 tertio
822 357 903 458 post
927 375 1025 439 anno
1042 361 1165 440 nulus
1182 385 1254 440 oc*

150 429 280 520 cunm
308 433 368 512 vel
391 437 427 518 su
455 447 605 548 plicium
629 455 725 532 istud
747 463 793 538 de
819 465 892 542 hoc
918 466 1038 544 statim
1057 467 1144 547 Bela
1160 495 1248 545 nou
1355 479 1356 540 l

153 525 298 640 sumsit,
323 545 382 622 vel
439 555 491 632 'us
510 552 790 666 illc'Dionysrus
814 567 883 647 elle
903 573 1044 651 debuit.
1077 579 1139 672 (a)

248 763 467 852 cchxuc
493 780 580 858 Belo
602 789 664 864 lv,
689 813 709 864 a
740 791 939 872 necessaria.
955 797 1024 872 hac
1049 793 1249 876 seueritate

153 891 312 970 regnum
338 879 560 986 auspicatus,
585 891 786 974 multorum
814 903 943 976 odium
974 903 1128 978 incurrit
1134 929 1149 991 3
1178 925 1248 980 cu-

147 973 206 1052 ius
237 979 370 1056 caudas
397 987 563 1070 laudatus
594 1001 771 1103 Rogerius
801 1001 964 1108 pluribus
994 1005 1146 1106 refellit,
1173 1013 1247 1084 ait·

149 1103 249 1181 que,
274 1082 337 1185 (b)
362 1113 530 1191 proceros
554 1101 684 1182 easdem
707 1116 801 1188 incer
825 1110 938 1214 ipficm
963 1139 1082 1222 regem
1110 1135 1145 1190 et
1172 1131 1244 1216 pa·
1355 1185 1356 1230 ,

146 1205 238 1282 mem
267 1197 340 1270 eius
353 1193 498 1302 strepitus
513 1201 722 1306 seditionem
741 1239 775 1297 ec
788 1212 999 1318 scandulaca
1011 1219 1240 1326 procmffi:
1355 1231 1356 1254 ¹

146 1327 202 1358 ι·-
229 1317 335 1398 quum
367 1321 403 1379 et
429 1304 499 1408 ipse
532 1339 599 1408 rea·
628 1317 680 1394 ad
701 1330 823 1426 patris
856 1331 992 1403 curiam
1024 1326 1210 1403 accedebat
1219 1353 1244 1422 ,·

146 1395 279 1478 casdem
315 1409 355 1482 in
391 1413 484 1508 acillo
511 1425 543 1496 ei
563 1431 710 1525 peninar
737 1426 917 1538 detuiffe5
955 1440 1059 1510 immo
1096 1429 1241 1509 dalone-

58 1545 64 1560 ·
132 1499 242 1610 βψ
266 1505 378 1611 ‘'sfi‘m
400 1519 518 1600 verbis
544 1547 579 1604 et
591 1531 729 1630 fltd'is:
757 1570 810 1592 ··-
836 1557 960 1616 contra
983 1545 1099 1616 vitam
1113 1545 1242 1640 patric

144 1631 179 1690 et
192 1607 356 1714 filiorum
381 1635 541 1730 nequiter
565 1632 794 1744 conspiraffe:
818 1675 872 1708 r-
897 1641 979 1722 duci
993 1639 1239 1745 Austriaelit·

103 1771 109 1789 .
141 1735 240 1796 teras
265 1745 344 1801 cum
371 1733 476 1811 certis
503 1741 617 1838 passis
647 1763 682 1820 ct
716 1745 972 1829 conditionibus
1003 1745 1230 1853 dessiccando,

141 1819 194 1900 D.
221 1823 409 1912 Fredcricc
474 1835 574 1922 Ram.
597 1851 829 1952 imperatori,
868 1877 1032 1933 coronam
1060 1863 1165 1964 regni
1195 1875 1232 1934 cc

141 1925 373 2040 chgariam
399 1895 483 2023 dart
505 1953 705 2063 pr'omififfe.
760 1963 912 2037 Nuntio
930 1964 1004 2038 hoc
1023 1985 1110 2039 cum
1133 1961 1234 2038 litte-

139 2035 187 2110 ria
212 2039 443 2147 intercepto,
458 2053 667 2160 concludit,
683 2065 807 2140 mitius
831 2091 916 2142 cum
938 2066 1030 2166 illis,
1047 2073 1123 2145 vita
1141 2089 1233 2144 con·

129 2142 301 2244 donata,
329 2175 441 2254 qnam
459 2170 667 2242 commetiri
685 2169 773 2268 fint,
801 2169 921 2248 adum
942 2173 1055 2252 fuisse.
1108 2171 1234 2251 Facile

141 2249 266 2428 ffiaiuis
288 2277 334 2332 ex
357 2258 432 2334 hoe
458 2261 655 2364 synchroni
687 2273 868 2377 scriptoris
899 2281 1110 2356 testimonio
1138 2301 1235 2354 con·

171 2355 285 2455 uret,
312 2366 451 2464 regiam
479 2372 516 2445 di
543 2375 697 2454 nitatem
725 2380 787 2456 sub
808 2387 956 2464 Andrca
982 2390 1138 2461 nimium
1152 2389 1234 2461 eui·

141 2455 261 2558 lusce,
288 2469 439 2546 nimiam
467 2479 545 2554 cius
570 2477 783 2564 facilitatem
808 2492 847 2564 in
875 2514 1051 2594 magnum
1075 2494 1233 2568 tandem

140 2564 289 2644 abusum
317 2573 567 2676 degenerasset
610 2593 739 2668 Belam
768 2597 856 2672 huic
890 2595 1015 2676 aboliti
1053 2597 1234 2702 sapienter

140 2673 291 2752 obuiam
316 2680 441 2760 iuissez
466 2695 554 2790 quia
576 2712 701 2773 tamen
732 2697 868 2776 malum
898 2703 972 2780 hoc
1001 2729 1066 2807 per
1099 2703 1237 2804 longas

144 2801 265 2858 moras
298 2789 542 2873 vehementer
574 2801 752 2892 inualuit;
774 2811 950 2886 ,eumdem
976 2810 1052 2887 sero
1083 2812 1239 2887 medici-

138 2907 228 2962 nam
253 2889 409 2992 parasse,
434 2897 594 3002 moesto,
621 2928 715 3008 quae
735 2913 822 2988 hinc
841 2915 1106 3019 consequetur,
1124 2915 1237 3020 regni

137 2995 245 3072 minc
267 2997 429 3102 docebit.
479 3005 698 3112 Gregorius,
726 3017 774 3093 de
799 3039 919 3096 morte
942 3025 1038 3125 regis
1056 3025 1234 3098 Andreae
1355 3073 1356 3078 Ν

140 3103 275 3178 certior
298 3106 490 3210 redditus,
533 3115 579 3190 ad
625 3117 774 3220 B'elam,
828 3144 871 3200 vt
917 3129 1048 3205 auxilia
1089 3129 1238 3228 Latinis

140 3203 556 3316 Constantinopolitanis
581 3245 714 3302 contra
735 3229 895 3307 Graecos
918 3231 1163 3331 submitteret,
1179 3237 1238 3310 ita

136 3309 295 3416 scripsit:
325 3323 382 3413 (c)
439 3379 461 3412 „
489 3361 541 3390 -
568 3331 670 3404 Sicut
690 3357 756 3433 pro
787 3357 889 3412 cerco
914 3343 1131 3438 didicimus,
1157 3345 1236 3415 Va·

138 3457 164 3508 „·
185 3425 306 3497 tacius
333 3444 372 3500 et
397 3425 538 3505 Asanus
562 3431 797 3539 schismatici,
834 3467 951 3546 nuper
978 3439 1076 3524 inter
1101 3445 1136 3522 se
1162 3449 1238 3520 ini-

139 3571 167 3616 „
191 3530 345 3621 quitatis
367 3534 462 3610 inito
483 3533 656 3639 foedere,
684 3563 814 3621 terram
837 3547 1004 3628 carissimi
1025 3556 1064 3628 in
1087 3551 1235 3629 Christo

109 3635 167 3720 fi„
194 3627 260 3710 filii
296 3631 428 3736 nostri,
472 3641 701 3743 imperatoris
731 3647 896 3755 illustris,
937 3681 1025 3734 cum
1069 3661 1252 3735 maximae

1010 3811 1034 3851 η
1065 3767 1178 3840 Grae·

138 3865 1236 3944 ἈἪ-ΜΜ-*ι-υ--ι--ι

750 4027 761 4048 .
803 3987 852 4069 (s)
876 3995 979 4061 casm.
995 3995 1238 4082 Miremur.
