2744 4298
227 165 304 246 ςμ
452 137 992 230 ANDRffnslst

258 321 311 400 A.
343 321 381 405 C.
413 343 529 416 1291.
558 319 682 400 Andr.
709 343 746 398 2.
774 319 853 400 Ind.
879 345 919 422 4.
946 325 987 403 P.
1013 347 1078 404 22.
1105 321 1161 402 A.

264 497 453 572 CDXLIX.
481 495 653 570 Andreae
685 517 841 598 regnum
870 491 969 572 illico
1005 494 1145 572 turbari
1180 520 1266 576 coe·

166 606 222 706 pit
245 605 289 678 ab
315 601 515 704 impostore
541 602 705 702 quodam
732 605 905 702 Andrea,
946 605 1012 702 qui
1040 601 1074 677 se
1103 604 1263 681 Ladislai

166 717 232 788 lv.
257 709 403 785 fratrem
437 711 535 804 (iarn
564 719 812 808 ann0.1278.
837 717 1055 808 mortuum)
1087 706 1263 812 fingebat.

166 827 220 894 At
241 813 344 894 misso
369 811 447 918 post
469 812 574 890 illum
604 817 791 918 Georgio‚
835 813 911 890 filio
946 815 1129 912 SimoniS,
1167 812 1263 892 illius

46 915 54 932 ’
164 927 360 1022 interitus,
390 945 502 1022 quem
537 917 630 995 male
667 919 837 998 Ladislao
864 925 942 1025 regi
975 917 1174 1026 Diugoffus
1198 927 1263 996 ad-

165 1033 308 1132 scribit,
336 1031 527 1104 Andream
549 1050 675 1130 regern
699 1049 802 1104 metu
819 1027 1010 1116 liberauitJ
1039 1055 1109 1106 nec
1128 1029 1179 1104 est
1195 1031 1264 1104 du·

165 1143 265 1214 bium
293 1131 402 1210 alt'am
432 1137 473 1210 in
502 1135 690 1236 Hungaria
722 1157 852 1234 pacem
880 1137 1116 1212 obtenturam
1147 1159 1262 1236 porro

163 1241 266 1322 fuisse
273 1269 285 1330 ς
314 1240 375 1316 nist
396 1243 492 1318 hanc
508 1243 623 1316 exteri
650 1243 834 1342 principes
849 1239 1128 1342 intercepiffent.
1156 1247 1259 1316 Nam

165 1374 204 1429 et
239 1345 457 1448 Rudolphus
491 1342 648 1422 Alberto
686 1343 763 1421 filio
800 1351 1025 1452 Hungariam
1066 1349 1258 1424 fiduciario

160 1463 242 1536 iure
268 1457 410 1532 tradere
431 1452 577 1551 voluit,
621 1472 660 1529 et
681 1449 833 1530 Carolus
857 1447 999 1530 Siculus
1024 1453 1100 1530 filio
1125 1453 1264 1530 Carolor

162 1562 359 1660 MarteHO,
395 1555 552 1636 Ladislai
578 1555 700 1634 sorore
723 1565 812 1634 nato
824 1617 838 1659 ,
865 1563 1122 1638 vindicandam
1153 1559 1255 1636 illam

162 1671 310 1764 censuit.
367 1675 452 1746 Pars
466 1659 639 1742 Australis
655 1665 824 1742 historiae
842 1665 985 1766 plenior
1001 1665 1175 1765 affirmat,
1192 1671 1256 1762 (a)

160 1783 234 1856 iarn
254 1799 352 1851 anno
371 1769 572 1866 ‚Mccxo
597 1779 694 1852 cr'rca
722 1779 952 1853 natiuitatrm
979 1773 1112 1854 domini
1137 1773 1259 1852 durem

160 1883 352 1989 distare,
391 1891 521 1962 iterum
548 1877 682 1958 rolleno
707 1887 891 1980 exercitu,
931 1879 1077 1988 intraſj'e
1106 1877 1261 1990 Hungu-

75 1993 78 2001 ’
159 2001 263 2072 riam.
318 1993 508 2087 Andreas,
547 1987 615 2062 hac
652 1987 784 2061 iniuria
823 2008 1078 2088 prouocatus,
1122 1990 1259 2062 eodem

160 2095 342 2176 chronistr
372 2093 479 2196 teste,
508 2091 723 2172 MCCXCI.
750 2131 804 2150 -
832 2091 963 2170 rollrdo
989 2097 1150 2172 exercitu
1183 2119 1259 2170 ma·

159 2214 261 2285 ximo
282 2227 317 2284 et
329 2203 434 2307 forti
450 2221 694 2312 pugnatorum
720 2239 772 2258 -
801 2213 864 2289 80.
900 2199 1074 2300 millium,
1099 2237 1154 2258 -
1177 2201 1262 2276 Au·

149 2311 283 2418 striam
310 2353 362 2370 -
380 2325 545 2412 potenter
572 2310 751 2384 intrauit:
779 2341 832 2365 -
858 2335 881 2382 a
896 2309 1049 2412 flumine
1068 2305 1156 2384 dido
1172 2303 1255 2383 er‘·

157 2415 247 2520 cha,
273 2423 335 2528 qui
360 2413 493 2494 diuidit
514 2417 700 2514 vtramqu'e
724 2415 971 2512 prouinciam,
1010 2437 1116 2520 nsque
1137 2409 1188 2488 ad
1206 2418 1257 2490 cr'·

159 2536 309 2606 uitatem
356 2517 533 2604 Viennam
565 2559 621 2582 ·-
649 2515 811 2622 praedis,
848 2517 1023 2599 incendiis
1054 2541 1090 2597 rt
1115 2523 1255 2619 rapinis

157 2658 293 2715 terram
316 2625 533 2731 deuastauit:
559 2669 613 2691 -
639 2647 674 2704 rt
707 2623 792 2704 talis
819 2622 1021 2729 pestilentia
1049 2621 1123 2728 fix
1144 2621 1258 2727 septi·

158 2747 276 2819 manis
303 2745 342 2818 in
364 2757 463 2818 terra
490 2728 558 2836 ista
582 2729 740 2810 durarit.
767 2769 821 2790 ·-
863 2727 1039 2836 Tandem,
1068 2731 1257 2808 medianti-

156 2845 224 2926 bus
254 2843 416 2950 episcopis
444 2863 479 2920 rt
504 2833 769 2947 archiepiscopis
791 2861 834 2913 ar
856 2835 1040 2918 comitibus
1067 2837 1166 2945 Vng.
1190 2844 1256 2944 qui

155 2951 378 3058 destructioni
403 2971 521 3028 terrae
548 2941 848 3044 compatiebantur
860 3003 872 3043 ,
899 2984 954 3008 -
972 2951 1175 3050 pateinter
1203 2970 1258 3020 rr·

151 3049 240 3172 'gem
273 3057 370 3166 Vrrg.
393 3077 428 3134 rt
455 3053 575 3134 ducem
599 3049 726 3156 Austr.
750 3052 964 3151 reformata,
990 3050 1062 3155 sab
1089 3047 1156 3128 tac
1171 3051 1255 3152 for·

158 3197 245 3273 mp:
271 3163 413 3266 „quod
449 3163 616 3238 ciuitates
657 3177 695 3236 et
729 3155 866 3256 castra,
891 3183 986 3260 quae
1011 3161 1056 3236 ad
1093 3180 1255 3258 regnum

157 3323 184 3364 ,‚
212 3277 400 3378 pertinent
421 3265 630 3370 Vngarire‚
656 3265 735 3367 regi
752 3264 1050 3355 restituerentur3
1077 3287 1173 3366 quae
1191 3287 1256 3338 ve·

156 3439 184 3480 ,‚
212 3404 255 3455 ro
279 3381 325 3456 ad
354 3377 531 3453 comitem
555 3373 801 3471 pertinerent,
846 3375 993 3448 comitis
1019 3374 1127 3451 Iuani
1164 3391 1258 3444 con·

157 3543 184 3580 „
210 3487 476 3587 fringerentur:
498 3497 532 3578 α’,
551 3499 670 3556 ratum
694 3499 729 3558 rt
754 3475 904 3584 firmum
932 3475 978 3556 ab
1010 3473 1171 3558 omnibus
1197 3499 1260 3552 ac·

157 3589 345 3670 clamatur.
398 3595 498 3666 Haec
523 3587 596 3660 hoc
622 3609 744 3682 anno,
771 3610 848 3662 non
866 3603 910 3662 vt
927 3585 1049 3664 Belius
1064 3581 1145 3662 vult
1160 3636 1173 3680 ‚
1191 3581 1260 3682 (b)

167 3867 1261 3892 mmssfflu--fl

202 3951 345 4120 (¹)36A2p·
366 3959 457 4025 Fron·
481 3963 522 4029 Τ.
540 3961 567 4028 1.
589 3983 618 4045 p.
644 3981 723 4050 479.
779 3963 826 4050 (b)
862 3963 939 4033 Not.
960 3963 1066 4034 EN·
1089 3953 1126 4028 Τ.
1153 3959 1195 4026 11.
1219 3981 1255 4047 p·
