2738 4304
201 127 206 143 '
613 132 618 167 i
792 129 795 138 '
1007 159 1016 170 .

238 179 292 272 46
603 165 783 252 GEIS
813 179 847 252 A
879 245 889 260 κ
941 175 947 180 ’

189 367 317 438 natus3
344 367 458 448 quum
487 339 581 420 bello
610 370 694 422 cunr
720 345 825 448 Cupa
853 349 1068 444 terminate,
1106 343 1266 450 defigor·

73 531 82 546 ,
186 457 305 554 tisque
328 449 533 528 sacerdotiis
560 475 600 525 ac
627 449 702 526 aliis
719 456 867 554 ,egregie
889 457 1056 554 cogitatis
1079 471 1188 554 atque
1212 455 1263 530 sa·

186 557 268 658 dis,
295 583 316 632 a
339 553 507 632 Siluestro
526 559 568 636 11.
590 557 789 632 disaudatus
805 557 921 633 suisset
934 583 1030 632 anno
1044 579 1158 636 1000.
1184 564 1262 633 Nea

185 687 248 734 tno
285 674 361 739 noh
392 662 515 757 videt,
551 665 614 736 has
634 661 792 738 addone'e
809 685 926 763 puero
954 687 1029 738 non
1048 669 1261 739 conuenire.

123 803 128 820 1
183 769 290 842 Certe
316 768 543 843 Carthuitius
564 765 734 866 testatur,
763 771 820 864 (a)
846 773 879 843 S.
916 771 1139 867 Stephanum
1169 789 1258 843 ante

180 875 290 973 patris
307 875 449 948 obitum
475 869 628 976 gradum
657 870 896 974 adolescentiae
917 881 1070 976 primum
1093 869 1261 974 rascendis-

90 1044 95 1054 .
167 975 212 1079 st
235 1005 251 1070 ,·
277 981 442 1053 nondum
464 994 590 1050 autern
612 975 841 1074 adolescens,
868 977 924 1053 sed
959 977 1047 1079 puer
1074 979 1256 1078 septennis

178 1103 243 1157 aut
272 1081 436 1158 odiennis
461 1099 545 1154 ante
573 1083 680 1180 patris
706 1085 847 1158 obitum
872 1089 910 1158 in
930 1111 971 1160 ea
986 1083 1160 1160 sententia
1176 1083 1255 1161 fuis·

180 1187 240 1269 set.
294 1192 420 1286 Atque
449 1188 508 1258 hic
537 1188 638 1266 idem
665 1189 857 1265 carthuitii
884 1188 989 1264 locus
1013 1193 1144 1276 euertit
1169 1212 1252 1264 eam

177 1295 408 1390 sententiam,
435 1311 527 1390 quae
562 1295 597 1364 S.
628 1294 799 1392 Stephani
831 1291 983 1370 natalem
1019 1289 1173 1395 deponit
1205 1292 1253 1369 'ad

84 1459 86 1466 ,
179 1425 235 1476 an.
261 1405 353 1491 969.
380 1399 475 1471 inter
499 1397 597 1470 hunc
624 1401 720 1472 enim
743 1419 780 1473 et
799 1415 889 1498 99¹7.
914 1424 1070 1500 annum,
1111 1419 1188 1502 quo
1213 1405 1249 1477 S.

178 1507 381 1603 Stephanus
408 1496 709 1619 pauilucceffit,
737 1525 896 1600 non115.
924 1508 1033 1602 enni,
1077 1507 1142 1606 qui
1180 1509 1250 1606 pri-

163 1631 280 1686 ‘mum
296 1673 298 1678 .
316 1605 571 1682 'adolescentiae
611 1609 762 1708 gradum
783 1607 1043 1699 tonffituunt3
1084 1611 1144 1684 sed
1181 1622 1245 1699 28.

176 1719 239 1816 qui
260 1709 332 1788 iam
352 1715 478 1786 iuueni
497 1715 743 1810 conueniunt,-
768 1718 1054 1816 intertipiuntur.
1106 1721 1147 1790 ln
1182 1741 1247 1792 no·

61 1835 66 1846 '
175 1823 241 1896 sira
269 1819 443 1894 sententia
472 1823 506 1892 S.
533 1819 760 1918 Stephanus,
822 1845 910 1896 uum
938 1827 1029 1920 patri
1064 1815 1242 1918 sticcessit,

173 1918 480 2002 undeuicesimum
492 1949 504 2009 3
531 1947 644 2023 quum
668 1948 688 1998 a
710 1849 876 2000 Siluecpm
900 1931 943 2002 sl.
964 1924 1105 2002 litteras
1146 1949 1246 2002 acce·

173 2035 250 2134 pit,
281 2029 431 2104 alterum
472 2045 536 2101 aut
568 2033 712 2136 tertiufn
744 2033 846 2132 supra
877 2031 1081 2108 vicefimum
1118 2036 1243 2108 aetatis

172 2161 306 2212 annum
348 2135 487 2236 agebat.
548 2136 595 2206 Et
629 2136 784 2212 idoneus
808 2139 917 2238 igitur
945 2141 1052 2212 rebus
1081 2141 1244 2242 gerendis

171 2257 269 2342 erat,
303 2261 341 2317 et
366 2241 536 2339 pueritiae
568 2258 681 2315 metas
708 2263 791 2318 ante
817 2245 926 2341 patris
956 2245 1097 2318 obitum
1131 2241 1245 2318 exces

169 2340 281 2445 se'rat,
308 2365 346 2422 et
372 2344 648 2443 adolescentiae,
671 2371 753 2423 non
777 2353 865 2424 item
893 2347 1059 2424 iuuenilis
1085 2353 1241 2448 aetatis,

170 2477 282 2528 annos
297 2455 478 2554 attigerat.
509 2447 571 2550 (b)
1002 2483 1005 2488 ·
1291 2471 1295 2478 “

414 2675 418 2686 .
462 2615 514 2694 Ἀ.
545 2613 582 2693 C.
608 2637 701 2720 994.
729 2607 852 2718 Geistre
877 2635 939 2717 23.

260 2771 302 2844 L
330 2766 501 2846 Ceterum
520 2765 616 2840 idem
641 2767 882 2864 Carthuitius,
909 2765 1011 2837 cuius
1032 2760 1240 2840 testimonio

165 2875 226 2952 hic
249 2874 421 2972 nitimur,
448 2873 551 2946 nobis
580 2873 779 2944 contrarius
812 2871 867 2945 his
891 2862 1242 2970 uerbis„post·nre·

165 3000 342 3058 moratam
364 2979 398 3058 S.
426 2975 599 3077 Stephani
625 2977 853 3050 natiuitatem
877 2971 1060 3072 subsedia,
1089 2973 1157 3049 esse
1187 2979 1240 3050 ui·

164 3091 285 3164 detur:
314 3093 371 3186 (c)
397 3083 503 3162 Hunc
526 3075 638 3157 ΠΕΟ
650 3078 805 3158 'dilectus
833 3072 1051 3158 Adalbertus
1068 3075 1240 3182 episcopus

164 3189 340 3270 chrimate
358 3189 587 3296 baptismate,
602 3181 793 3285 secundum
816 3183 1032 3263 credulitatis
1037 3182 1126 3285 stare
1146 3193 1238 3262 veri·

162 3320 296 3395 tatem,
322 3302 488 3374 intinxit.
519 3299 559 3368 N
562 3317 640 3384 arn,
667 3287 1000 3385 s1‚S.Adalbertus,
1026 3315 1140 3390 quum
1159 3291 1236 3365 iam

163 3403 349 3504 episcopus
369 3397 501 3498 fuiss'et,
528 3403 563 3475 S.
593 3399 818 3499 Stephanum
840 3393 935 3470 sacro
966 3393 1070 3471 latice
1101 3399 1210 3468 tinxit
1220 3425 1235 3485 i

160 3511 199 3584 id
231 3533 314 3584 ante
339 3521 429 3606 983.
455 3501 613 3600 annum,
638 3527 714 3601 quo
737 3505 903 3579 Veronae
933 3501 1159 3579 conseeratus
1182 3503 1238 3576 eta

162 3615 372 3716 episcopus,
399 3610 475 3686 fieri
504 3627 580 3684 non
602 3612 732 3710 potuit.
784 3611 838 3682 At
859 3609 958 3680 enirn
983 3607 1054 3682 dici
1080 3609 1250 3786 qsistidem·

1044 3735 1094 3810 po
1121 3730 1192 3806 et,

202 3955 248 4037 (a)
271 3952 350 4012 Edit.
374 3953 447 4012 Pras.
470 3965 585 4034 pata3.
627 3951 672 4033 (ὂ)
694 3934 770 4020 siisie
791 3945 868 4017 Crito
894 3947 972 4014 uuo.
1001 3969 1032 4034 p.
1054 3943 1236 4034 5‘77-53..

262 4058 303 4117 pe,
324 4035 399 4100 Edit.
413 4037 522 4117 Prai.p
554 4049 622 4100 122·
926 4103 930 4112 ,
