2738 4304
263 265 316 342 ῃ
620 241 876 318 TOXVS
991 321 997 328 ,

204 418 378 517 sequente
412 431 620 508 tentarunt,
661 429 874 512 tantamque
900 410 1065 514 cladem,
1111 434 1303 517 quantam

187 544 407 620 ,numquam
431 517 545 614 alias,
589 535 828 616 acceperunt,
868 537 910 592 vt
927 540 930 551 ’
938 518 1057 620 plures
1084 526 1307 604 chroniiber
1363 531 1364 546 ¹

94 683 100 690 .
209 623 393 700 testantur.
421 626 479 719 (a)

467 766 547 864 A·
572 763 617 840 C.
640 773 731 868 946.
761 761 904 846 Zolrani
928 789 992 868 40.
1108 774 1110 784 '

302 935 473 1008 XXXVII,
499 928 776 1028 zoltanus‚nue
793 923 896 1032 quocl
910 931 1033 1009 affetu
1054 935 1301 1044 valetudine,
1363 1015 1364 1022 ,

210 1043 311 1142 quod
334 1057 391 1112 tot
417 1035 538 1110 clades
562 1039 718 1132 innuere,
733 1039 923 1134 videntur,
950 1038 1022 1138 ipse
1045 1039 1184 1140 fuerit,
1214 1048 1294 1128 flue

209 1145 310 1245 quod
334 1143 456 1216 videre
482 1136 596 1214 filium
613 1195 626 1237 ,
653 1138 817 1240 supremo
834 1145 910 1218 iure
925 1141 993 1217 suis
1009 1147 1300 1255 dominantem,

143 1303 149 1320 .
210 1247 395 1350 pulchrius
422 1247 524 1320 omni
545 1266 659 1348 regno
686 1244 884 1343 censuerit,
910 1272 1059 1325 vxorem
1087 1259 1198 1329 Toxo
1222 1263 1302 1335 cu.

143 1357 146 1365 '
212 1341 357 1448 manum
380 1352 542 1452 accepit,
571 1360 612 1426 a'c
639 1351 677 1422 in
706 1375 792 1425 eum
812 1349 967 1450 supremi
983 1358 1155 1457 principis
1174 1363 1300 1466 digni-

217 1478 332 1532 tatem
355 1475 392 1530 et
411 1454 647 1555 potestatem,
666 1459 882 1555 iproceribus
898 1483 940 1560 ac
953 1457 1128 1536 militibus
1142 1467 1181 1538 in
1201 1472 1301 1546 eius-

209 1563 294 1638 dem
323 1561 432 1638 verba
462 1561 579 1638 iurare
605 1558 759 1658 coatus,
786 1565 914 1638 viuens
941 1565 1137 1648 transtulit.
1167 1570 1231 1672 (b)
1318 1605 1322 1610 ·

329 1787 333 1804 ’
438 1821 442 1826 ·
607 1796 697 1900 s
748 1801 828 1875 1v·

388 1955 1121 2106 Toxvs‚nvx1u

334 2192 451 2297 Coepit
481 2186 534 2269 A.
573 2191 611 2267 C.
644 2211 735 2288 947.
782 2159 882 2292 drffit
916 2189 968 2264 A.
1004 2155 1170 2316 '0972‘

307 2281 497 2436 xxlcvllt.
525 2358 717 2462 Postquam
750 2355 943 2454 Zoltanus,
969 2357 1028 2432 seu
1058 2367 1197 2442 morbis
1228 2371 1299 2450 fra.

211 2467 319 2567 ctus,
362 2466 421 2542 seu
452 2466 600 2540 videndi
636 2463 834 2543 successoris
863 2459 938 2538 filii
953 2467 1132 2565 cupidus,
1174 2473 1298 2578 supre.
1363 2537 1364 2542 ,

210 2584 313 2652 mum'
343 2573 547 2674 Hungariae
568 2573 818 2673 ‚principatum
845 2575 887 2646 'in
916 2593 1000 2644 eum
1033 2575 1272 2659 transtuliliet
1284 2615 1298 2675 5

159 2689 176 2718 ’·
210 2683 362 2776 Toxus,
387 2696 429 2754 vt
453 2695 530 2751 etat
559 2679 697 2779 ingenii
718 2673 929 2778 praeferocis
966 2681 1170 2778 aetatisque
1202 2685 1298 2766 riui.
1363 2715 1364 2718 ¹

164 2775 166 2782 ⁴
213 2789 307 2886 dae,
331 2785 437 2858 natus
461 2803 575 2857 annos
610 2803 669 2878 17.
695 2785 796 2858 initia
824 2782 1045 2882 principatus
1083 2781 1210 2866 illustri
1250 2797 1298 2872 fa.

132 2935 137 2945 ·
210 2882 334 2969 clnore
362 2889 697 2986 commoraturus,
724 2913 799 2988 quo
822 2891 979 2988 primum
1008 2911 1106 2963 arma
1137 2917 1297 2976 conuer-

165 3081 173 3088 ,
210 3017 286 3074 tere
316 2995 497 3089 deberet,
523 2990 714 3080 deliberare
748 2997 882 3094 coepit.
931 2991 1175 3076 ·iiciniliima
1216 3008 1301 3104 qui.
1352 2999 1364 3020 ²

209 3105 294 3179 dem
316 3103 467 3182 Bouaria
493 3097 665 3188 fuit3'sed
693 3101 925 3194 occurrebat,
953 3093 1180 3182 excurliones
1207 3109 1297 3191 illuc

209 3207 382 3309 susceptas
411 3203 628 3306 plerumque
660 3203 752 3282 male
782 3197 970 3298 succelllffe
1001 3209 1206 3312 ilungaris,
1250 3225 1299 3295 ex

209 3335 286 3413 quo
318 3315 496 3386 Henricus
523 3317 694 3411 Auceps,
721 3307 893 3386 militibus
926 3311 971 3388 ad
1005 3335 1154 3392 omnem
1193 3319 1300 3398 disci-

220 3411 355 3518 plinam
385 3413 576 3512 institutis,
602 3410 731 3490 multas
757 3439 855 3492 arces
873 3435 911 3494 et
927 3416 1054 3512 vrbes,
1078 3417 1197 3498 veluti
1213 3451 1300 3526 per.

205 3541 335 3622 petuos
369 3505 547 3622 aggeres,
583 3529 846 3624 Hungarorum
881 3515 1154 3601 excursionibus
1189 3533 1297 3612 oble.

200 3631 258 3701 cit
272 3654 284 3714 ς
339 3633 384 3704 ad
419 3649 509 3724 quas
539 3629 803 3728 expugnandas
831 3629 903 3729 illi,
930 3623 1109 3730 'statuite
1145 3657 1300 3740 pugnae

210 3735 378 3814 nondum
410 3730 553 3830 ailueti,
593 3755 662 3807 nec
696 3749 792 3832 arte,
819 3761 886 3813 nec
921 3737 1099 3812 machinis
1129 3741 1304 3824 instruffi
1363 3793 1364 3802 κ

506 3881 510 3887 ·
603 3861 606 3866 ’
798 3877 805 3884 ·
1089 3857 1090 3860 ‘
1164 3845 1244 3924 fue·
1363 3943 1364 3946 p

1094 3983 1302 4034 -.....’,,,,,
1363 3997 1364 4020 ;

807 4045 811 4060 l

253 4072 302 4158 (a)
325 4071 400 4136 liiii·
417 4063 471 4128 Cr·
486 4067 610 4164 puop-
629 4085 805 4155 rur-388·
847 4071 893 4158 (l)
917 4075 1017 4139 Aaron.
1038 4095 1103 4162 cap.
1134 4099 1184 4160 57.
1207 4127 1223 4140 .
