2800 4304
262 173 342 258 244
531 149 1053 234 COLOMANVS

207 351 289 428 cat,
315 328 466 402 unicum
487 328 561 402 hoc
588 343 757 424 tempore
782 321 1050 425 metropolitam
1081 323 1200 416 fuille;
1225 329 1293 408 fuf-
1392 347 1394 428 I

203 435 362 538 fraganei
390 451 541 529 tannen,
568 427 688 505 cretio
712 433 785 504 iarn
812 430 1020 531 episcopatu
1044 433 1290 537 Zagrabienss,

213 565 291 616 non
314 542 463 634 decern,
489 535 547 611 fed
577 537 749 610 vndetIm
769 532 836 609 elle
857 532 1060 617 debuillent
1072 563 1086 624 5
1112 538 1290 618 sedvide.

212 667 274 722 tur
302 641 422 744 aliqua·
442 642 561 740 l'edes,
588 659 626 715 et
650 637 789 716 sortasse
814 641 1025 741 Batstenfis,
1059 647 1163 718 cuius
1200 652 1291 726 anti.

210 751 278 829 stes
303 755 342 824 in
365 767 610 824 monumento
637 746 846 821 Zoborienfr
868 770 945 821 non
968 767 1183 851 comparet,
1229 779 1290 831 va-

208 855 320 933 caffe.
362 855 576 929 Laurentius
605 849 836 950 metropolita
864 877 950 926 tum
985 875 1046 933 1o.
1076 851 1144 930 ills
1171 845 1292 937 suffra.

213 965 337 1063 ganeis
364 959 620 1060 pulcherrimas
644 955 744 1058 leges
765 976 803 1030 et
833 957 1052 1060 pastoribus,
1078 981 1119 1036 vt
1136 987 1289 1067 gregem

212 1070 273 1142 nbi
307 1068 486 1140 creditum
519 1065 562 1134 ad
591 1065 686 1136 viam
712 1059 831 1136 salutis
858 1058 1007 1140 feliciter
1030 1065 1207 1168 dirigant,
1248 1089 1289 1146 et

208 1173 364 1268 ouibus,
390 1187 433 1244 vt
460 1164 585 1240 dullui
617 1167 797 1268 pastorum
825 1167 892 1244 sese
924 1165 1045 1245 faciles
1074 1174 1290 1274 exhibeant,

154 1317 160 1343 .
207 1271 447 1374 aeternaeque
462 1269 643 1348 felicitatis
665 1290 811 1372 portum
828 1275 963 1349 certius
981 1277 1184 1378 attingant,
1198 1305 1287 1380 con-

192 1384 329 1477 -didit,
356 1403 443 1480 quas
469 1377 642 1454 Peterfius
670 1378 709 1449 in
736 1383 798 1475 65.
827 1382 947 1480 capita
978 1381 1059 1454 hoc
1076 1385 1215 1479 ordinev
1237 1389 1291 1460 di·

163 1527 169 1539 ι
207 1475 343 1588 gessitr‘
356 1485 418 1580 (a)
457 1485 546 1584 Cap.
573 1487 601 1558 I.
627 1479 685 1559 De
714 1483 833 1584 cuuffls'
859 1481 1070 1589 ecclefiarurn
1094 1507 1129 1562 et
1153 1489 1298 1568 clearco.

203 1615 296 1667 curn.
350 1595 395 1663 II.
421 1587 479 1664 De
494 1585 729 1690 firmatae-ad
744 1589 917 1691 populum.
963 1593 1025 1668 111.
1051 1589 1109 1668 De
1139 1594 1290 1696 ecclefia·

199 1693 305 1799 stitis
331 1691 523 1772 ordinibus.
564 1695 638 1767 IV.
667 1691 725 1770 De
746 1701 977 1773 communione
1002 1695 1083 1776 clen
1100 1718 1135 1776 et
1152 1701 1298 1804 populi„

203 1807 254 1878 V.
280 1800 340 1878 De
363 1799 554 1904 loquutione
576 1797 784 1876 clericorum.
838 1805 899 1878 VI.
924 1799 983 1878 De
1010 1801 1129 1882 idiotis
1146 1802 1285 1908 presby·
1332 1835 1342 1850 =
1386 1787 1390 1796 ’

50 1919 55 1926 “
189 1917 305 1986 teris.
358 1895 522 1982 v11.De
549 1910 624 1985 ritu
655 1905 881 2012 gentilitatis.
933 1909 1031 1986 VIII.
1072 1905 1134 1986 De
1157 1917 1285 1989 annuit

194 2012 315 2117 festis.
360 2015 420 2086 IX.
445 2005 504 2086 De
540 2009 800 2117 negligentibus
830 2016 1090 2112 paenitentiam.
1143 2017 1186 2092 X.
1222 2015 1282 2094 De

207 2125 356 2198 mortuis
370 2115 448 2218 stne
477 2115 680 2216 conflfflone.
733 2121 792 2194 XI.
816 2115 875 2194 De
901 2123 1065 2195 exoratis
1094 2123 1133 2198 in
1165 2117 1284 2224 episco-

205 2225 292 2327 pum
309 2217 578 2325 promouendis,
600 2243 688 2296 cum
705 2241 795 2298 voto
817 2225 1075 2298 continentiae.
1121 2229 1197 2304 XII.
1222 2225 1283 2304 De

198 2323 462 2430 partitionibus
486 2321 647 2424 eccleſsiae.
699 2331 794 2403 XIII.
833 2324 891 2403 De
921 2324 1132 2431 monasteriis
1162 2339 1216 2434 epi
1232 2357 1284 2410 co·

201 2450 327 2536 porum
339 2491 350 2532 ,
378 2439 439 2536 qui
464 2427 632 2508 obierunt.
684 2435 777 2508 XIV.
803 2429 862 2508 De
882 2429 954 2532 bis,
980 2441 1042 2535 qui
1063 2456 1116 2512 res
1133 2437 1294 2543 ecclefiac'

210 2533 463 2641 dr'fflpnuerunt.
515 2539 592 2611 XV.
617 2533 676 2614 De
689 2537 844 2640 fhmulis
877 2539 961 2616 eccle
974 2541 1038 2615 rie.
1075 2547 1183 2619 XVI.
1225 2543 1286 2621 De

202 2640 366 2748 parochis
390 2641 473 2719 eccle
488 2668 611 2718 aarum.
664 2647 775 2720 XVII.
799 2641 857 2718 De
883 2645 967 2720 ecclc
980 2673 1016 2720 ta
1030 2645 1109 2748 stne
1125 2649 1284 2728 dotem

212 2747 449 2850 consecrando.
492 2751 619 2824 XVIII.
646 2749 703 2826 De
724 2745 953 2851 presbyteris,
981 2755 1030 2832 ud
1050 2754 1190 2831 titulum
1205 2780 1285 2846 ,con-

199 2852 394 2956 secrandis.
446 2855 534 2926 XIX.
575 2853 633 2932 De
663 2853 813 2954 clericis,
829 2853 908 2956 fine
934 2857 1061 2949 litteris
1089 2868 1156 2937 non
1174 2855 1286 2962 flasci-
1392 2891 1393 2930 t

145 2984 148 2992 ’
203 2961 354 3063 piendis.
406 2961 478 3058 XX.
506 2955 563 3032 De
588 2957 819 3068 legationibus
846 2957 1077 3066 cpiscoporum.
1121 2969 1210 3044 XXI.
1227 2962 1288 3042 De

209 3065 353 3142 aduenis
370 3063 509 3140 clericis
536 3083 570 3139 et
599 3069 795 3168 infirmatis.
848 3068 952 3144 XXII.
980 3070 1139 3172 Nequit
1165 3077 1204 3146 in
1236 3069 1288 3146 al·

208 3177 319 3248 terius
340 3168 474 3270 ecclcstu
500 3165 643 3248 celebret
659 3168 737 3270 stne
767 3167 920 3246 luentia.
945 3235 947 3244 .
971 3175 1093 3246 XXIII.
1120 3171 1179 3249 De
1202 3187 1286 3274 prc-

196 3277 297 3376 feffls
319 3278 473 3373 clericis,
499 3275 549 3350 ad
573 3273 717 3352 titulum
751 3273 934 3352 ordinarit.
986 3278 1110 3352 XXIV.
1135 3275 1194 3353 De
1231 3295 1285 3383 (ιρι

203 3381 320 3484 preffls
344 3381 503 3478 clericis,
529 3375 590 3456 vel
607 3385 739 3456 iniroia
760 3377 903 3478 affiliis.
959 3381 1064 3456 XXV.
1101 3379 1159 3457 De
1187 3383 1285 3461 cleri·

56 3484 63 3504 ⁸
210 3495 261 3563 cis
287 3487 346 3563 uel
381 3481 593 3580 abbatibus,
623 3479 783 3581 seculare
818 3481 984 3561 indicium
1028 3487 1288 3592 quaerentibus.

206 3598 329 3668 XXVI.
354 3591 413 3667 De
438 3585 683 3668 concordantia
707 3584 905 3664 diuInorurn
926 3587 1122 3696 officiorum.
1144 3597 1291 3670 XXVII.

211 3695 270 3774 De
294 3705 373 3778 vitu
397 3714 431 3771 et
455 3697 550 3772 vitiu
570 3695 822 3768 canonicorum.
874 3695 1034 3774 XXVIII.
1061 3697 1118 3776 lle
1141 3695 1287 3777 libertu-

1196 3825 1232 3883 le

244 4013 292 4095 (a)
314 3983 409 4079 donc.
426 4013 461 4073 P·
478 4009 505 4071 l.
522 4032 553 4090 p·
576 4019 711 4093 554²·

1392 287 1394 346 l
