2744 4298
492 211 640 292 REX
689 213 786 290 XX.
980 287 983 294 ,
1068 223 1147 313 485

224 374 279 458 A.
309 375 348 456 C.
378 399 494 479 1242.
519 379 594 464 Bel.
623 400 661 477 7.
688 361 859 481 luein.
886 363 1022 514 Pff'eo.
1046 379 1103 462 Ἀ.

208 569 530 652 cccmntvnl.
541 579 666 652 ouum
683 565 1074 677 omnem'Hungtritm
1089 577 1210 654 otien-

110 675 221 756 telent
238 679 307 754 huc
322 679 453 758 aestate
466 685 607 760 Tartari
625 686 698 758 ium
718 675 949 783 occupassent
958 706 972 768 3
997 683 1206 786 Danubius,

114 783 230 888 glacie
248 783 483 888 constemus,
509 787 737 888 occasionem
750 805 1002 890 opportunam
1012 789 1130 864 etium
1145 813 1209 866 oc·

114 889 339 990 tidentelem
362 895 583 992 inuadendi,
610 886 747 998 megno
769 893 906 970 damno
931 897 1206 994 Hungtromm,

113 998 247 1084 iisdem
282 995 427 1086 obtulit.
480 999 605 1108 Quum
641 999 894 1112 'Strigeniuen,
931 1001 1053 1100 inquit
1091 1003 1210 1100 Rogo·

113 1106 213 1200 tius,
242 1103 309 1207 (a)
337 1111 377 1184 in
397 1103 592 1214 Hungnria
616 1133 731 1186 omnes
769 1125 804 1184 et
850 1105 994 1218 enguhs
1030 1103 1209 1210 praecelle-

117 1229 173 1287 ret
199 1217 365 1290 ciuitates
370 1206 386 1304 ‚²
412 1219 569 1289 maxime
587 1209 797 1320 cogitabant
815 1217 971 1292 transire
986 1207 1210 1289 Danubium.

116 1351 172 1374 -
197 1315 248 1395 Ee
274 1315 377 1395 ecee!
400 1311 447 1397 in⁴
477 1310 586 1420 ¹bieme
622 1323 718 1396 niuis
756 1338 791 1395 et
824 1315 955 1428 glaciei
984 1314 1209 1399 abundantia

21 1475 26 1488 ·
108 1415 340 1528 steperuenie,
367 1427 424 1502 ite
453 1425 547 1530 quod
574 1419 766 1502 Danubius
792 1465 846 1486 -
869 1421 1070 1534 gelabetur.
1115 1427 1211 1499 Nur·

111 1547 172 1626 rut
205 1531 357 1629 deinde,
403 1533 597 1633 quomodo
636 1531 864 1630 strigonium
904 1530 1210 1640 expugntuerint.

113 1629 175 1732 ier
194 1631 479 1734 inebriaverunt,
509 1633 650 1712 subiicit
656 1645 674 1732 ,'
700 1629 761 1734 (b)
790 1633 931 1742 gladios
946 1630 1034 1736 fiens
1060 1640 1100 1713 in
1116 1630 1208 1736 fien-

114 1745 252 1848 gnine‚
279 1763 313 1819 ee
335 1767 382 1818 ex
404 1741 537 1839 calore,
563 1766 663 1848 quent
704 1757 930 1843 conceperant
968 1759 1092 1817 eontra
1127 1763 1209 1838 eor,

116 1852 217 1923 vinos
244 1843 408 1954 effitiunt
429 1843 601 1944 inminet,
619 1843 716 1949 ficut
733 1855 900 1948 pereni..
939 1847 1082 1924 Eodem
1110 1843 1208 1920 furo·
1354 1851 1358 1856 '

118 1975 157 2026 re
175 1949 430 2050 300.illustres
445 1973 649 2048 matronas,
677 1957 825 2056 receptis
839 1947 971 2054 spoliis
993 1975 1137 2049 terren,
1150 1951 1208 2048 (e)

118 2062 234 2157 capite
255 2055 489 2157 truncarunt,
516 2055 626 2162 eastre
646 2051 815 2136 ¹ciuitatis
834 2083 904 2134 nen
928 2075 1207 2166 expugnato.-

115 2160 169 2238 Et
205 2189 311 2269 queem
347 2161 399 2242 ed
411 2165 413 2170 ’
426 2163 562 2244 Albam
592 2169 729 2272 regiam
772 2167 955 2242 ciuitatem
982 2163 1207 2259 accederent,

12 2309 16 2316 ·
96 2291 207 2375 ‚quae
234 2265 281 2374 est
307 2267 502 2376 paludibus
529 2265 757 2372 circumsepta
768 2271 793 2363 ;'
811 2309 867 2331 ·-
892 2275 1098 2397 nequierunt
1130 2291 1209 2348 earn

117 2392 295 2480 occupare.
357 2375 410 2456 Ee
434 2383 546 2484 quum'
565 2371 716 2480 castrum
754 2373 792 2452 S.
819 2373 980 2456 Martini
1008 2373 1050 2456 de
1075 2375 1210 2456 Penne·

108 2485 184 2568 ‚niu
204 2496 453 2594 expugnarent
465 2511 484 2578 5
509 2478 639 2559 abbate
651 2475 697 2582 se
717 2479 873 2560 viriliter
887 2479 1089 2586 defendente
1102 2535 1115 2578 ‚
1122 2481 1210 2584 fue·

120 2607 207 2664 runt
221 2587 347 2691 subite
366 2593 524 2666 reuocati
535 2621 546 2662 .-
572 2591 628 2666 e'ta
654 2583 748 2688 qued
770 2581 836 2686 iste
864 2594 939 2663 triu
971 2589 1047 2666 loen
1066 2603 1209 2664 tanturn

110 2695 368 2800 ,inexpugnata
399 2699 438 2770 in
469 2689 540 2768 illis
566 2685 733 2790 partibus
763 2687 1016 2792 remanserunt.
1067 2691 1212 2764 Meritis

110 2799 160 2886 ¹S.
187 2801 362 2898 Stephani
387 2799 460 2872 hoc
484 2794 594 2890 tribui
620 2791 762 2895 potest,
799 2796 866 2895 qui
893 2797 984 2872 haec
1011 2795 1209 2908 praecipue

378 2887 387 2902 Ι

119 2895 203 2982 loce
223 2907 361 3007 pietate
386 2901 447 3030 sua
476 2903 609 2977 viuens
632 2895 833 2982 illustrauit.
860 2899 921 3004 (d)

220 3111 500 3200 CCCLXXXIX.
527 3125 578 3200 Vt
604 3121 784 3223 Rogerius
809 3145 875 3220 ea,
901 3143 997 3224 quae
1022 3119 1144 3220 hostes
1167 3125 1211 3206 in

110 3231 307 3333 ,Hunguria
326 3246 545 3328 patrarunt,
569 3227 718 3303 vberius
741 3251 784 3302 ec
810 3223 951 3304 fidelius
977 3225 1086 3305 refert
1093 3255 1107 3318 3
1132 3231 1209 3331 ite,

124 3361 219 3440 quae
246 3339 343 3411 circe
365 3337 562 3434 maritimas
585 3332 708 3436 plagas
728 3334 839 3414 iidem
857 3331 1054 3437 gesserent,
1080 3335 1211 3413 melius

110 3461 160 3534 ¹et
174 3439 293 3518 'firsrus
315 3439 479 3518 Thomas
505 3433 783 3526 archidiaconus
811 3437 982 3515 recenset.
1042 3445 1210 3544 Vterque

123 3549 335 3644 Cadenum,
363 3539 422 3620 seu
458 3549 674 3648 Ceydunum
702 3541 802 3621 fuiffe
836 3547 1028 3646 perhibet„
1056 3549 1121 3649 qui
1146 3555 1214 3626 Be·

121 3649 194 3730 tem
219 3653 341 3730 versus
378 3655 576 3730 maritimus
610 3671 731 3753 partes
762 3649 974 3754 insequutus
1005 3650 1085 3729 fuit.
1140 3655 1213 3732 Sed

588 3763 621 3832 H
648 3759 674 3833 h
703 3781 724 3857 3
1042 3763 1160 3864 Roge-

162 4011 208 4095 (α)
233 3977 345 4078 carm(
366 4009 431 4073 nrt
459 4007 533 4158 CK·
561 4011 734 4074 xnxvrn.
777 4008 821 4092 (r)
856 4007 936 4072 nnn
966 4007 1043 4090 cap.
1069 4013 1210 4078 rrxxrx.
1246 4041 1261 4070 t

218 4101 262 4176 (e)
283 4093 360 4162 lbid.
377 4097 454 4179 cup.
561 4095 615 4177 (e)
630 4096 709 4166 Hifl.
720 4095 798 4193 crit.
812 4092 851 4161 T.
860 4101 898 4166 V.
910 4115 942 4179 p·
958 4097 1175 4164 totae-1⁰16.
