2754 4306
224 137 304 286 oo
420 123 900 296 [nemete

104 411 112 434 .
173 355 223 436 est
240 357 325 438 Belo
353 381 414 460 13.
443 359 626 460 linunii,
652 358 733 466 post
763 314 826 440 to.
855 323 995 439 nenses
1024 361 1259 468 totidemque

172 465 249 584 dies
276 491 298 540 a
328 485 449 546 morte
476 467 652 574 Steppuni
677 471 738 544 111.
763 466 972 547 transuiloo.
1000 471 1062 564 (a)

171 661 175 670 ’
294 680 348 760 A.
381 679 419 760 C.
445 703 559 784 1175.
585 679 661 766 Bel
688 707 725 782 3.
753 681 832 763 lod.
859 695 896 772 8.
922 685 962 764 P.
993 705 1054 782 13.
1080 685 1133 760 A.

205 981 208 991 Ι
268 889 470 964 cetxxn
495 895 635 993 Regem
659 911 806 991 tumen,
833 893 895 968 cui
909 908 967 967 tot
979 889 1089 965 initio
1104 886 1258 966 difficul-

169 1015 263 1074 tates
285 998 450 1100 Hungati
479 999 630 1096 quidem
653 1001 919 1096 obmouerant,
960 999 1160 1072 admodum
1186 1001 1257 1072 vti·

170 1102 244 1184 lem
269 1126 459 1205 regnoque
489 1103 686 1196 salutatem,
702 1101 825 1210 postea
850 1103 934 1178 sunt
956 1105 1106 1205 experti
1151 1105 1255 1177 Prae·

64 1207 70 1230 ⁸
172 1213 317 1310 cipuum
346 1213 379 1301 ei
401 1205 545 1285 leudem
572 1212 724 1288 iustitiae
750 1207 944 1286 Tu'rotzius
968 1209 1024 1286 his
1049 1208 1170 1287 verbis
1194 1211 1256 1283 tn'·

171 1317 273 1390 buit:
303 1313 362 1412 (b)
389 1313 506 1421 Postea
534 1326 702 1424 regnauit
724 1315 831 1416 Belo,
845 1319 971 1420 freter
993 1321 1088 1416 eius,
1115 1319 1176 1420 qui
1187 1317 1255 1418 fit·

169 1445 228 1499 tes
255 1442 290 1499 et
312 1421 463 1500 latrones
484 1423 711 1532 persequutus
738 1420 787 1527 esl
798 1453 816 1520 ,·
843 1447 878 1504 et
900 1417 1132 1528 petitionibus
1161 1421 1257 1525 loqui

171 1533 295 1608 traxit
322 1535 520 1638 originem,
547 1531 771 1612 vellemne
798 1527 904 1608 {tabet
926 1535 1023 1606 cutio
1046 1549 1080 1605 et
1105 1532 1257 1629 imperii.

171 1633 320 1738 Netnpe
345 1631 441 1712 futes
468 1653 507 1711 et
529 1635 716 1734 latrones,
743 1637 934 1712 occasione
958 1631 1135 1712 bellorum
1165 1635 1259 1706 inte·

175 1737 381 1837 stlnorum,
409 1743 541 1818 deinde
566 1767 652 1818 cum
666 1743 832 1828 'Graecis
858 1741 979 1844 plures
1006 1759 1120 1814 annos
1140 1737 1257 1812 conti·

73 1941 76 1946 .
171 1864 391 1946 nuatorum,
419 1851 534 1950 magis
557 1849 809 1949 inualuerant5
833 1873 943 1951 quum
961 1867 1004 1927 vt
1027 1871 1047 1920 a
1066 1845 1254 1946 Stephano

170 1955 233 2058 Ill.
265 1949 431 2028 securitas
458 1979 573 2057 regno
600 1955 764 2059 praestari
788 1959 962 2058 potuerit.
1013 1959 1112 2028 Haec
1139 1951 1256 2051 igitur
1362 2031 1363 2042 ἶ

171 2059 342 2160 princeps
361 2056 491 2160 Belae,
518 2087 672 2166 regnum
698 2061 891 2164 auspicati,
918 2083 1005 2138 cura
1029 2057 1121 2154 fuit,
1145 2075 1187 2132 vt
1212 2056 1258 2129 iis

170 2161 342 2268 patriam'
361 2187 539 2268 purgaret
591 2165 784 2266 Alterum,
826 2169 930 2269 quod
960 2190 1028 2270 pro
1054 2161 1257 2250 commodo

169 2271 275 2368 regni
301 2269 507 2367 constituit,
535 2270 636 2372 erat‚'
651 2295 707 2366 ¹ot
728 2297 792 2374 per
811 2280 1016 2377 petitionem
1042 2291 1081 2364 ee
1102 2288 1256 2369 precum

174 2369 372 2472 formulas,
400 2375 461 2454 seu
485 2375 663 2480 supplices
688 2377 848 2479 libellos,
876 2381 914 2455 id
937 2381 1015 2482 tegi
1033 2399 1258 2480 proponere·

91 2529 99 2546 .
173 2497 260 2576 tur,
288 2483 391 2582 quod
415 2485 512 2582 prius
543 2487 586 2560 ab
617 2483 765 2562 indotla
796 2481 1029 2562 multitudine
1054 2505 1176 2582 neque
1205 2481 1260 2554 di·

160 2581 324 2684 .stin&e‚
340 2609 461 2691 neque
477 2613 544 2691 pro
561 2594 660 2695 regia
677 2593 854 2694 dignitate
872 2587 950 2670 sutis
967 2591 1124 2694 grauiter
1141 2609 1259 2661 enun-

171 2693 343 2767 tiabatur.
394 2695 518 2772 Belum
552 2697 848 2775 administrandae
876 2697 1033 2786 iustitiae
1058 2689 1257 2769 studiosum

170 2799 312 2873 indicat
340 2803 450 2875 etium
475 2799 643 2881 ecclefiae
673 2801 899 2906 Zagrabienfi
930 2805 1057 2878 dotum
1088 2803 1161 2876 hoc
1200 2799 1257 2872 di·

34 2967 36 2978 .
168 2899 321 3004 plomue
349 2908 406 3000 (c)
473 2913 594 3010 „Ego
622 2907 708 2986 Belo
731 2913 792 2984 11L
824 2906 971 2984 secundi
999 2907 1123 3006 Geisae
1157 2907 1258 3008 regis
1360 2987 1361 3002 χ

159 3051 200 3100 :u
227 3007 342 3111 filius,
367 3015 418 3087 D.
440 3039 492 3115 gr.
518 3019 640 3118 Hung.
666 3013 787 3092 Dalm.
807 3014 930 3092 Croat.
953 3019 1162 3116 numaeque
1178 3035 1259 3086 rex.
1360 3017 1361 3035 ¹

107 3130 112 3140 ·
167 3157 195 3210 „
222 3121 345 3210 Ouum
368 3115 483 3198 Albae
510 3125 546 3204 S.
575 3123 750 3224 Stephani
769 3123 863 3224 regis
885 3117 1076 3198 sollemnes
1107 3139 1257 3222 agerem

170 3275 198 3318 ‚‚
225 3220 324 3312 dies;
365 3225 616 3328 Zagrabienses
646 3229 815 3304 canonici
839 3249 939 3304 cuntv
955 3229 1121 3332 Vgrino,
1159 3243 1259 3298 tunc

171 3381 197 3422 „
227 3334 401 3436 temporis
426 3333 575 3436 Zagrab.
593 3331 732 3430 eleeto,
756 3371 809 3394 -
835 3333 988 3410 deuotus
1011 3329 1277 3434 porrexerunt¹
1359 3383 1360 3386 ,

151 3488 195 3530 -„
225 3454 361 3538 preces.
388 3477 441 3498 -·
466 3433 692 3540 (Confirmat
719 3463 782 3535 eo,
810 3463 896 3544 quoe
921 3439 1102 3520 Prodanus
1134 3430 1263 3540 episco-

138 3583 197 3623 -υ
216 3559 286 3642 pus
315 3547 492 3620 cononicis
523 3537 822 3650 Zagrobieufibus
851 3547 1023 3646 contulit)
1050 3589 1103 3611 -
1139 3545 1264 3618 Anno

171 3696 203 3735 o
223 3647 324 3724 dom.
359 3649 496 3724 incarn.
535 3651 755 3748 MCLxxy.
799 3671 974 3752 regnante
1009 3643 1266 3758 gloriostffimo
1355 3663 1359 3698 ⁴

214 3947 264 4036 (o)
285 3949 363 4052 [llil.
377 3953 430 4015 ee.
445 3959 484 4017 Τ.
502 3959 556 4020 lv.
574 3907 603 4041 ρ.
624 3968 805 4048 uuo-231·
855 3963 905 4046 (b)
937 3963 1050 4034 Chron-
1072 3909 1109 4030 Pi
1126 3959 1168 4027 ΙΙ.
1186 3983 1266 4051 cup.

270 4039 322 4104 ⁶9·
365 4035 409 4114 (t)
430 4046 491 4122 Ap·
510 4042 624 4108 tereti.
640 4046 681 4114 ll.
699 4049 737 4116 E.
754 4049 845 4130 lage.
861 4068 891 4131 p·
910 4063 966 4135 73·
1126 4145 1133 4153 .
1234 4061 1239 4070 '
