2738 4304
572 149 814 248 nvxp
1154 167 1181 250 7

148 309 363 412 marociae
386 317 574 414 notarius,
601 321 659 413 (a)
687 339 725 396 et
765 325 919 396 Ioannes
951 323 1145 416 Tutotaius
1172 323 1233 422 (b)

141 418 285 518 saepius
313 421 492 495 infinuant
508 449 519 510 ς
548 447 705 524 quorum
742 423 929 517 audioritas
957 429 995 504 in
1025 449 1231 534 exterorum

148 523 296 598 silentio
326 521 444 602 valere
470 531 598 628 debet,
637 527 794 630 fipossit
833 532 993 628 ostendi,
1039 537 1233 632 quomodo

145 633 314 732 Hungati
340 631 437 706 {uam
467 637 645 736 originem
667 661 712 710 ex
741 633 913 710 Attilanis
936 633 1114 738 reliquiis,
1152 637 1233 740 post
1316 691 1319 701 ·

144 753 206 808 tot
235 757 357 810 rerum
380 757 663 842 temporumque
690 737 970 838 vitiffitudines,
996 745 1135 818 trahere
1166 767 1231 842 po·

146 843 297 916 tuerint
350 843 393 916 Id
417 846 518 944 quod
540 847 695 946 experiri
717 850 831 922 modo
857 843 969 924 lubet.
1010 909 1014 924 .

131 1011 135 1018 “
245 1013 307 1084 lv.
333 1009 526 1112 Postquam
557 1016 695 1114 Attila,
729 1036 846 1094 terror
872 1019 997 1114 orbis,
1029 1009 1155 1094 viuere
1189 1025 1232 1096 ti·
1266 1095 1268 1098 .

149 1115 316 1216 merique
341 1116 487 1193 defiidet
502 1145 607 1196 anno
634 1143 723 1222 454
752 1121 844 1199 filios
869 1127 946 1198 eius
971 1127 1017 1198 de
1040 1149 1154 1226 regno
1172 1129 1232 1212 de·

152 1218 324 1318 certasse,
353 1245 429 1295 non
459 1235 604 1300 tantum
636 1231 758 1328 patrii,
785 1228 842 1304 sed
864 1234 972 1304 etiarn
993 1233 1130 1304 externi
1151 1230 1231 1306 scri-

154 1343 303 1422 ptores,
335 1323 583 1429 ‹Theoph‘anes
608 1335 664 1426 (c)
695 1359 736 1409 ac
754 1337 976 1434 lornandes,
1004 1332 1064 1434 (d)
1092 1340 1155 1436 qui
1181 1337 1230 1412 se·

147 1427 234 1501 culo
255 1435 316 1506 vl,
336 1436 525 1533 vixerunt,
555 1434 743 1518 affirmant.
796 1439 878 1514 Post
904 1463 1055 1516 cruenta
1081 1439 1229 1542 praelia,
1250 1473 1254 1488 ¹

144 1529 368 1632 superstitem
396 1538 532 1616 Attilae
564 1540 676 1617 filium
704 1549 815 1620 exteri
845 1548 1077 1623 Hernachum
1109 1567 1147 1621 et
1178 1553 1227 1623 lr-

148 1640 334 1742 nachum,
360 1642 546 1721 domestici
567 1650 727 1723 Chabam
749 1671 886 1726 vocant
892 1677 905 1738 ;
932 1676 1051 1754 neque
1067 1653 1162 1727 haec·
1175 1653 1229 1726 di·

142 1745 288 1819 uersitas
327 1749 597 1852 appellationis
614 1754 798 1831 offendere
836 1779 1057 1858 quemquam
1091 1757 1223 1842 debet;

145 1873 263 1946 quum
288 1859 432 1931 easdem
455 1881 511 1931 res
533 1861 646 1934 exteri
671 1862 884 1958 Hernacho‚
909 1885 1001 1958 quas
1038 1860 1227 1948 domestici

138 1953 294 2062 ‘Chabae
318 1963 480 2036 tribuant
489 1989 502 2051 3
528 1985 566 2040 et
585 1983 628 2038 vt
646 1963 700 2040 illi
716 1967 974 2061 Hernachum‚
1000 1968 1052 2042 ita
1075 1967 1112 2038 hi
1130 1967 1223 2038 Cha-

145 2059 229 2131 bam
255 2061 391 2141 Attilae
419 2063 530 2142 filium
558 2095 599 2144 ac
630 2069 871 2144 Attilanarum
900 2067 1131 2173 reliquiarum
1160 2073 1224 2144 du-

144 2186 228 2238 cem
249 2170 289 2242 in
308 2173 492 2274 Scythiam
515 2172 612 2251 suiffe
638 2178 862 2276 perhibeant.

241 2351 286 2421 V.
311 2352 523 2428 Hernachus
541 2351 626 2450 iste,
654 2357 806 2430 Iordane
831 2351 941 2452 teste,
967 2355 1020 2450 (e)
1045 2377 1122 2430 cum
1136 2349 1217 2454 fids

139 2457 182 2530 a'n
215 2473 369 2530 extremo
395 2462 541 2536 minorat
574 2457 734 2542 Scutdire
753 2457 854 2558 sedes
888 2459 1022 2566 delegit.
1074 2463 1218 2534 Eodem

141 2561 309 2633 Chabam
342 2557 571 2660 concefflffe,
603 2569 795 2640 Turotzius
827 2561 971 2658 scribit,
999 2565 1072 2666 (s)
1111 2568 1220 2642 duos-

144 2687 219 2762 que
244 2662 337 2738 filios
359 2667 497 2740 ibidem
521 2667 630 2744 illurn*
645 2669 834 2765 sustulisse,
864 2693 959 2771 quos
988 2665 1046 2742 ille
1067 2671 1216 2768 quidem

148 2759 301 2845 Edemen
321 2793 363 2844 ac
387 2769 447 2848 EA
465 2795 596 2862 vocam
630 2795 668 2850 at
689 2801 765 2850 non
787 2779 956 2852 videntur
975 2779 1017 2876 ab
1041 2777 1083 2848 iis
1100 2775 1220 2849 distin·

140 2875 303 2974 guendi,
330 2901 425 2976 quos
458 2882 660 2981 Procopius
697 2883 860 2988 Vaurgur
883 2899 921 2955 et
957 2879 1133 2988 Cururgur
1160 2901 1220 2978 ap·

142 2973 254 3078 pellat
262 3005 276 3067 3
304 2981 381 3088 (g)
409 3009 524 3084 quum
557 2987 705 3061 eosdem
729 2986 829 3063 fuiffe
867 3003 941 3059 tam
973 2981 1065 3078 loci,
1104 3007 1216 3082 quam

141 3089 320 3182 temporis
345 3087 512 3165 adiunda
538 3089 719 3177 suadeant.
772 3093 973 3198 Procopius
1001 3111 1137 3187 porro,
1172 3087 1220 3166 se·

140 3185 219 3263 culi
233 3193 294 3264 vi
308 3189 482 3294 scriptor,
509 3196 696 3296 perhibet,
719 3197 911 3301 Vturgrrros
929 3219 1005 3276 aum
1015 3191 1076 3289 fico
1088 3200 1219 3294 prmu-

133 3311 183 3398 pe
206 3293 353 3395 reuerfirs
369 3305 408 3375 a'n
428 3307 613 3402 patriam,
638 3337 690 3356 -
721 3302 927 3406 Cirturguris
952 3321 1055 3378 trans
1085 3303 1219 3396 (nobis

142 3403 197 3475 cis
226 3404 479 3505 Maeotidem)
499 3405 662 3511 paludem
679 3407 819 3486 reddis.
870 3411 926 3483 Er
943 3409 998 3484 his
1019 3409 1219 3499 Cumanos,

182 3733 235 3817 (a)
258 3733 330 3816 cap.
350 3737 438 3802 inv..
457 3741 539 3805 rtur.
560 3741 627 3802 xre
649 3741 821 3806 xxxvto.
843 3739 956 3803 xtvr.
998 3725 1045 3816 (ω’
1066 3739 1174 3810 enon
1189 3745 1220 3800 r.

237 3817 424 3966 flbfrglii?
439 3821 476 3962 {a
496 3827 537 3888 L?
561 3827 608 3904 (c)
624 3825 884 3986 (ffii'biilirstirffi
900 3822 978 3988 ξιξ.
997 3839 1085 3979 ςὲῗ)
1106 3821 1221 3968 gig:

238 3921 1071 4092 fimbdffiuuffssuw.
