2744 4298
801 48 806 54 .
1350 23 1351 62 r

218 155 308 239 tta
544 141 754 244 anna
806 147 890 223 1r;
998 191 1005 194 -

167 337 315 394 tantum
344 319 552 418 Hungariae
578 319 765 398 discrimen
792 319 1028 422 impendere,
1053 317 1187 394 litteris
1224 319 1269 392 ad

39 427 46 439 '
169 427 366 526 praesidem
392 425 471 516 ord.
503 429 625 524 praed.
655 431 767 528 datis,
794 433 989 528 ilungaros
1016 429 1062 499 ad
1080 422 1265 500 auxilium

164 527 383 631 periclitanti
401 533 637 616 ,Latinorum
685 535 839 635 imperio
876 520 1066 608 ferendum
1108 533 1267 604 excitari

165 631 263 710 iuffit
273 662 293 725 3,
314 633 536 737 laudatoque
558 637 664 716 Belae
688 639 828 740 studio,
856 643 959 742 quod
984 639 1177 714 Vatacium
1214 637 1265 710 ad

165 744 344 816 vnionem
378 739 545 822 ecclefiae
577 751 763 822 Romanae
790 748 1038 847 recipiendam
1065 765 1267 844 permotae·
1350 805 1351 810 ,

165 852 237 947 rit,
265 847 576 950 arehiepiscopum
602 847 1034 954 strigoniensem,·quod
1053 851 1098 923 ab
1118 845 1268 923 accessu

156 951 314 1030 concilii
346 955 379 1030 se
405 977 470 1056 per
495 955 699 1036 discrimina
726 961 868 1034 viarum
902 955 1148 1051 ericusauerit,
1176 976 1264 1028 non

164 1057 296 1138 leuiter
322 1047 537 1165 perstringit.
586 1063 660 1143 Etfi
681 1061 808 1140 Belam
839 1063 990 1139 desidiae
1012 1063 1165 1164 ,quidam
1204 1083 1268 1134 ac·
1350 1087 1351 1140 i

169 1167 319 1256 c'usent'3
347 1165 437 1241 nihil
463 1186 586 1244 tamen
610 1165 713 1270 illurn¹
735 1167 945 1272 diligentiae
965 1161 1264 1274 praetermifisle,

169 1297 248 1373 quo
273 1277 507 1350 Tartarorum
532 1279 691 1380 impetus
719 1279 867 1352 retundi
891 1273 1029 1376 posset,
1055 1273 1263 1374 Rogerius,

107 1429 110 1438 ι
165 1377 330 1455 initalia
367 1381 519 1480 quidem
550 1405 659 1460 natus
691 1404 729 1458 et
756 1385 906 1458 vicenos
945 1403 1061 1456 armos
1092 1382 1130 1452 in
1158 1381 1264 1451 curia

143 1484 333 1562 ¹Romana
353 1483 533 1583 versatus,
559 1485 618 1564 sed
639 1509 729 1564 cunc
753 1487 1000 1564 Varadinensrs
1031 1486 1264 1581 canonicus,

169 1594 234 1692 qui
256 1593 406 1693 propius
434 1589 537 1667 illum
572 1615 752 1694 nouerat,
780 1591 937 1672 testatur.
992 1593 1114 1698 Quam
1147 1587 1236 1696 erga
1248 1644 1266 1687 ,

165 1697 288 1776 scribit
309 1693 387 1798 ille,
418 1705 479 1798 (a)
520 1699 638 1803 versas
665 1699 968 1808 quadragesimam
992 1717 1155 1803 pergeret
1183 1704 1258 1772 iter

33 1803 38 1810 '
156 1802 442 1912 firamrmagis
470 1814 658 1916 armagis
678 1809 789 1908 fama
822 1800 1017 1884 baiararadi
1045 1797 1260 1902 crebrescere·
1350 1813 1351 1816 ‘

122 1935 128 1944 “
168 1934 225 2010 te,
252 1937 320 1988 rea
356 1913 407 1988 ad
439 1911 626 2018 quamdam
659 1911 803 2014 villam,
831 1939 917 2021 qaae
952 1909 1056 1988 Rada
1094 1908 1259 2005 dicitur,

157 2015 267 2121 fiapar
294 2023 371 2113 ripa
390 2015 557 2096 Danubii
577 2019 750 2124 pasaam,
777 2027 816 2098 irr
844 2045 913 2126 qua
936 2015 1158 2120 constituerat
1178 2039 1265 2118 qaa-

168 2120 403 2230 dragefimam
428 2121 621 2227 celebrare,
650 2166 703 2187 -
721 2129 951 2231 properauit:
981 2144 1016 2200 ar
1042 2116 1268 2221 archiepisco·
1299 2123 1302 2129 ’

62 2315 64 2320 ,
164 2235 250 2336 pis,
277 2224 439 2330 episcopis
481 2251 515 2306 et
550 2231 633 2308 aliis
667 2238 773 2337 regni
814 2227 1006 2314 maioribus
1038 2231 1264 2322 conuocatis,

170 2330 389 2412 deliberabat
410 2333 551 2434 assidue,
578 2333 734 2440 qualiter
760 2335 884 2445 paffer‘
908 2333 950 2412 de
984 2354 1084 2412 tanta
1122 2337 1269 2438 negotia

164 2434 351 2546 prouidere
362 2463 380 2530 5
406 2465 546 2518 araneas
576 2461 611 2518 et
648 2436 793 2522 barrans
828 2467 881 2521 ear
903 2435 1079 2544 strepitat}¹
1112 2493 1135 2531 „
1151 2437 1260 2538 qdod

171 2605 198 2644 ‚,
225 2540 380 2644 quilibet·
395 2545 546 2622 haberet
573 2545 653 2623 suos
682 2547 930 2648 stipendiarios
953 2541 1086 2621 milites
1113 2567 1267 2644 praepa·

175 2703 202 2746 „
229 2668 336 2724 ratos.
355 2657 379 2704 ‘¹
408 2649 545 2730 lsarlrea
570 2681 676 2752 aare,
702 2663 764 2760 qai
781 2674 858 2732 cam
874 2680 1007 2751 arare,
1029 2647 1141 2763 filiis,
1163 2643 1265 2750 filia·

174 2757 242 2844 bus
266 2777 301 2833 et
327 2755 535 2861 quibasdam
546 2755 627 2858 stris
651 2759 862 2858 maioribus,
889 2782 1071 2865 tanquam
1082 2751 1272 2860 sttspebiras

174 2883 211 2941 et
222 2859 367 2962 sceleris
392 2861 566 2965 conscius,
593 2889 617 2942 a
648 2890 731 2974 rege
755 2867 911 2968 firerant
946 2867 1146 2960 conuocari,
1174 2887 1272 2936 cara-

174 2976 276 3048 mani
302 2959 492 3048 deliberata
520 2969 656 3072 canfiiio
682 2971 883 3069 curialiter,
909 2997 952 3075 rra
974 2969 1121 3076 paffenr'
1139 2991 1274 3044 manat
1350 2981 1351 3054 i

170 3073 323 3177 ipsarum
343 3073 522 3185 effugere,
549 3074 717 3180 custodiae
735 3081 882 3174 flatrum
907 3081 1112 3179 mancipati.
1141 3079 1273 3148 fluum
1350 3065 1351 3096 ³

118 3261 126 3290 ,
178 3185 269 3259 haec
294 3185 419 3260 Budae
442 3207 504 3259 rex
532 3201 679 3283 ageretr
707 3182 953 3284 speraretque,
990 3200 1127 3258 tantam
1154 3203 1175 3252 a
1204 3203 1273 3280 pa·

174 3287 313 3384 latine,
342 3312 426 3362 cum
454 3290 673 3393 quibusdam
699 3293 815 3388 copiis
850 3292 895 3363 ad
924 3287 1182 3364 custodiendos
1216 3309 1274 3360 re·
1350 3347 1351 3362 ,

177 3399 242 3498 gni
267 3389 400 3470 limites
420 3393 629 3494 praemisso,
656 3395 820 3469 hostibus
844 3419 985 3468 moram
1009 3392 1277 3489 iniiciendam,
1350 3399 1351 3450 i

177 3521 221 3574 vt
247 3504 421 3595 maiorem
448 3503 598 3574 interim
622 3501 824 3576 exercitum
844 3523 1000 3604 cogere,
1017 3501 1278 3598 Tartarisque,
1350 3539 1351 3562 r

176 3605 362 3678 transitum
388 3605 652 3702 molientibus,
682 3607 839 3694 obiicere
865 3604 996 3705 poffet3
1038 3609 1138 3683 verrit
1178 3604 1280 3681 idem
1350 3595 1351 3656 3

164 3704 272 3805 filar'
292 3749 344 3814 η-
366 3710 569 3812 palatinas,
595 3707 739 3792 diceas.-
766 3709 828 3811 (b)
856 3715 1012 3814 .„qt10d
1045 3712 1279 3788 duodecimo

436 3898 440 3906 ,
655 3895 663 3900 .
933 3847 942 3858 ’
1080 3868 1103 3910 rr
1131 3819 1220 3912 dle,

174 3941 1279 3994 ..ὴ-...ΨΜ
1350 3977 1351 4002 ἦ

219 4001 1034 4108 mmmmwmem
