2738 4304
481 275 703 354 REXI.
1032 283 1097 386 ss'

69 448 99 523 ei
122 443 240 523 siatres
273 443 396 544 fuisse,
441 449 504 548 qui
517 505 531 546 ,
578 450 711 526 teneris
749 443 945 522 admodum
969 449 1071 524 annis
1095 465 1142 526 ex

70 557 129 628 hat
150 555 224 629 vita
253 551 402 652 sublati,
428 551 551 628 locum
571 555 749 628 -Emerico
782 549 953 651 superstiti
983 550 1136 656 relique·
1215 599 1218 608 ·

67 677 164 756 runt,
188 678 233 732 vt
270 655 477 759 supremum
508 679 677 760 paternae
713 655 915 734 dnettionis
943 681 1137 760 ¹argumen-

68 787 136 838 tom
158 765 342 839 euaderet.
370 767 428 862 (a)
454 767 570 838 Vnius
598 788 735 840 nomen
767 759 955 840 Pelbartus
991 765 1036 841 ad
1069 783 1138 838 nos
1187 787 1190 794 ·

67 869 271 968 transmifit,
300 893 411 970 quem
436 874 615 968 ottonem
646 891 756 944 vocat
763 897 776 959 3
804 869 906 968 quod
938 871 973 946 ei
1000 889 1139 944 nomen

63 977 98 1048 in
129 977 284 1073 gratiam
327 977 477 1051 Ottonis
511 976 761 1075 imperatoris,
788 977 1019 1074 'nuptiarum
1046 975 1141 1048 inter

67 1081 286 1176 Stephanum
312 1099 351 1154 et
376 1078 530 1156 Giselam
554 1079 817 1178 conciliatum,
844 1082 1004 1154 inditum
1018 1076 1140 1154 suerit.

66 1185 174 1258 Addit
191 1188 315 1260 Praius
333 1187 551 1282 Dobucam‚
601 1189 641 1260 ui
662 1187 845 1259 Sunadum
865 1187 1044 1287 genuerit.
1070 1187 1139 1258 At·

64 1293 125 1389 qui
150 1286 209 1366 filii
235 1295 270 1364 S.
299 1278 497 1391 Stephani,
542 1211 690 1366 reditus
726 1292 848 1392 patriis
885 1291 1114 1392 scriptoribus
1122 1344 1137 1388 ‚

64 1391 211 1470 insantes
236 1416 377 1496 praeter
394 1399 603 1486 Emericum
620 1397 816 1489 obieruntp
844 1420 921 1471 non
938 1397 1048 1498 igitur
1063 1397 1141 1470 eius

65 1497 154 1574 filius
176 1503 335 1578 Dob'uca
361 1501 452 1598 suit,
479 1502 501 1575 s
528 1499 712 1576 Sunadum
737 1504 876 1604 genuit.
928 1503 1070 1576 Locum
1087 1523 1140 1574 er·
1180 1581 1182 1586 ,

65 1609 134 1679 rori
153 1607 254 1682 dedit
274 1608 444 1683 obscurus
470 1601 528 1694 ille
554 1603 660 1682 Btlae
685 1608 817 1682 notarii
838 1605 965 1707 locus:
992 1601 1051 1703 (b)
1072 1599 1141 1680 Olt-

64 1731 196 1796 tumum,
208 1709 350 1814 pastea,
375 1711 478 1820 longo
497 1731 644 1816 tempore
674 1709 710 1788 S.
736 1717 832 1818 regis
860 1705 1050 1814 Stephani,
1079 1708 1143 1784 Su·

63 1815 152 1912 aad,
167 1811 271 1916 fidus
295 1813 467 1915 Dosara,
491 1835 593 1920 nepos
617 1823 733 1924 regis,
760 1821 798 1892 in
818 1813 926 1918 castro
942 1809 1010 1915 fico
1033 1819 1157 1898 iuxta,

63 1919 247 2023 Morafirm
272 1925 459 2026 interfecit.
512 1923 633 1997 Sunad
655 1943 771 2020 nepos
798 1925 896 2024 regia
914 1917 1040 1994 latiore
1066 1916 1139 1992 sen·
1189 1973 1207 2025 ·.

63 2023 278 2126 fudicitur,
323 2033 425 2106 cuius
452 2048 554 2129 pater
580 2023 731 2104 Dobuka
767 2049 852 2103 cum
886 2023 1037 2123 Busae,
1078 2025 1143 2124 qui
1333 2088 1335 2099 .

66 2127 207 2230 Gyulae
223 2136 376 2210 iunioris
405 2130 499 2208 filius
515 2151 612 2232 erat,
638 2133 737 2218 iddn
752 2127 849 2206 suisse
866 2135 1024 2226 videtur„
1048 2131 1144 2204 Ouia
1244 2152 1248 2161 ·

62 2254 185 2312 manen
219 2243 386 2316 Sunadus
419 2239 643 2340 baptismum
674 2238 720 2312 ad
752 2235 824 2312 hoc
858 2263 974 2339 vsque
1009 2231 1142 2311 bellum

61 2342 122 2416 vix
152 2339 359 2443 distulisset,
399 2342 422 2418 fi
448 2341 557 2444 reipsa
593 2365 708 2445 nepos
741 2347 775 2416 S.
805 2347 978 2445 Stephani
1005 2338 1143 2426 suisset5

63 2447 211 2522 Ohtum
232 2453 378 2550 potius,
403 2451 523 2528 minus
546 2451 691 2550 proprie
710 2469 772 2521 rex
791 2445 930 2550 dissue,
957 2439 1143 2526 Sutiadum

62 2549 226 2630 habuisse
249 2575 423 2656 nepotem
448 2555 624 2629 dicendus
648 2551 707 2628 est.
737 2555 792 2652 (c)

112 2759 120 2782 '
155 2769 214 2846 A.
247 2767 285 2845 C.
315 2785 427 2861 1008.
453 2760 633 2892 stepha.
661 2763 738 2846 sad.
764 2775 800 2850 6.
827 2762 867 2848 P.
896 2781 959 2861 28·
984 2767 1041 2846 M
1182 2858 1185 2877 Ι

153 2984 268 3058 va.
291 2983 386 3058 Non
412 2979 557 3063 cessauit
588 2988 727 3063 interea
754 2981 893 3061 sandius
922 3009 986 3061 rex
1014 2985 1058 3062 ab
1094 3005 1172 3064 vr··

58 3093 200 3192 pendis
226 3111 271 3160 ac
293 3091 335 3162 in
355 3089 470 3188 ¹finem
495 3090 737 3194 'perducendis
765 3093 857 3166 bene
885 3091 1047 3192 coeptis;
1094 3111 1151 3169 vt·

60 3221 138 3296 que
167 3194 207 3269 se
230 3195 337 3269 DEO
362 3184 575 3299 gratiorem,
603 3187 652 3272 ob
675 3198 795 3272 datam
814 3195 876 3270 s1bi
890 3191 1070 3296 sobolem,
1090 3222 1149 3273 ex·

54 3303 236 3398 biberet,
264 3297 383 3373 multo
412 3301 587 3402 profusor
612 3305 650 3375 in
674 3325 730 3376 res
757 3301 917 3400 diuinas,
953 3305 1025 3378 hoc
1054 3328 1150 3378 anno

55 3405 370 3508 vesprimiensem
399 3407 643 3509 episcopatum
668 3401 887 3508 ampliffimis
902 3407 1022 3484 sundis
1050 3411 1153 3483 dota·

52 3517 112 3584 uit
146 3535 193 3586 ac
223 3509 371 3612 publico
396 3507 594 3613 diplomate
621 3513 788 3608 firmauit.
840 3517 940 3589 Nam
977 3511 1037 3590 etsi
1067 3531 1153 3588 ante-

51 3607 292 3717 legationem
330 3623 531 3696 Romanam
557 3643 710 3722 regnum
739 3619 943 3696 vniuersum
968 3623 1006 3694 in
1039 3623 1151 3692 varias
1252 3639 1255 3648 ·

998 3725 1098 3799 dioe-

28 4008 36 4021 ,
84 3927 151 4012 (ἢ
170 3881 570 4028 efflans-Minna·
612 3933 738 3997 Turotz.
751 3929 824 3998 Chr.
843 3933 874 3994 Ρ.
885 3929 927 3995 11.
939 3947 1004 4014 cap.
1018 3947 1068 4016 η.
1103 3923 1163 4005 (ω’

151 4009 310 4097 capxr,
356 4013 942 4103 (c)1nn.Ca.R.T.1:p.127-240,
1169 4051 1174 4063 .

100 4115 223 4254 Em,
237 4111 366 4195 Giton.
384 4115 472 4208 Rs.
542 4103 545 4120 ’
591 4151 595 4164 ·
685 4119 717 4195 Ε
