2748 4300
390 175 398 198 “
465 173 667 250 'REX
720 175 780 246 lu
949 213 951 218 ·
1054 183 1143 265 '119

97 367 296 454 magnates
325 343 559 454 bIeengariae,
595 345 833 447 desolationem
861 349 963 453 regni
990 368 1194 450 gementes,
1311 385 1314 391 ·

102 477 141 532 et
162 450 404 539 liberationem
430 449 644 560 Hongorioe
668 481 691 528 a
718 450 902 555 tyrannide
928 449 1025 530 Petri
1060 459 1194 552 capien-

106 585 163 638 tes
173 586 192 652 ,⁰
232 554 397 654 Endtoe,
438 555 541 638 Belou
572 581 607 636 et
628 557 820 654 mentae,
848 559 908 660 qai
929 553 974 630 'de
997 581 1122 662 genere
1157 558 1192 634 S.

109 659 283 766 Stephani
310 672 407 770 tegis
425 669 607 772 progeniti
634 684 756 760 crant,
782 651 1025 742 intemeratam
1038 655 1193 762 fidelita-

109 791 181 846 cem
194 764 406 868 seruabant.
432 809 483 829 -
510 769 628 847 Erant
646 789 761 846 antem
786 765 843 869 isti
868 787 1052 872 arrogantes
1076 765 1121 846 Vi
1137 794 1189 866 ea,

108 873 190 949 tina
220 895 254 948 et
279 869 436 973 Baiana,
462 897 497 954 et
520 876 582 952 olii
605 872 794 950 eorumdem
824 879 989 976 cognati,
1017 877 1077 974 qni
1101 868 1193 970 sotto

99 998 168 1081 per
190 1005 270 1054 com
285 975 455 1081 stespiriis
481 1001 522 1059 et
541 975 732 1089 gemitibus
755 971 1015 1080 ,etspeciobant
1041 993 1193 1076 opperta-

105 1107 196 1158 nam
222 1101 379 1186 coaptes,
408 1086 543 1190 qnando
569 1081 781 1184 Audacem,
809 1079 931 1160 Boiam
952 1077 1191 1158 etLenentam

97 1189 242 1294 paffent
265 1189 424 1266 reducere
447 1199 486 1268 in
512 1188 597 1268 Han
627 1195 762 1286 otiam,
789 1188 1188 1366 etregaamngenegiS.

111 1285 285 1396 Stephani
299 1303 411 1400 regis,
438 1303 500 1401 qni
516 1323 569 1373 eos
584 1219 756 1373 obtexerat
767 1316 811 1398 et
826 1293 1025 1370 exobtanero
1053 1350 1064 1389 ,
1102 1300 1188 1368 noeti·

108 1396 178 1474 bus
205 1395 342 1476 viribus
358 1396 439 1500 ficis
464 1398 638 1502 restituere
662 1393 882 1476 hebetabant.
943 1395 1081 1472 Viscum
1112 1399 1185 1470 iam

108 1501 197 1576 alias
217 1505 352 1602 primae
373 1523 503 1581 contra
520 1509 676 1582 eennm.
694 1504 875 1582 seditionis
903 1497 1086 1576 auctorem
1113 1500 1203 1604 fois-¹

104 1606 164 1706 sc,
191 1613 385 1686 Turotzius
403 1609 554 1688 offeruit.
583 1609 643 1711 (oi
670 1615 784 1689 Buam
811 1629 849 1683 et
863 1611 1031 1685 Buhnam
1048 1606 1186 1708 Gyulac

105 1716 262 1794 iunioris
291 1711 390 1790 fuisse
424 1717 540 1815 filios,
569 1741 772 1819 anonymus
798 1713 907 1798 Belac
935 1715 1096 1795 notarius
1123 1714 1188 1785 do-

106 1839 179 1894 cet.
210 1815 272 1916 (b)
297 1821 515 1900 Petrosoero
541 1849 631 1922 rex,
658 1824 779 1924 pergit
798 1821 1010 1916 Tutotzius,
1033 1834 1098 1918 per
1109 1835 1184 1918 pot·

4 2015 5 2024 χ
107 1919 251 2024 estatem
280 1933 374 2032 regis
409 1927 446 2002 Τ
439 1934 670 2005 turonicorum
693 1928 832 2031 elatus,
863 1949 932 2002 non
959 1929 1031 1998 iam
1045 1989 1047 1994 ,
1060 1945 1185 2028 regno·

4 2043 5 2088 ³
107 2027 198 2117 bati
221 2023 292 2129 sed
316 2037 435 2133 potius
469 2031 668 2136 tyrannidis
683 2029 774 2134 sesae
805 2025 1006 2108 crudelitate
1037 2022 1186 2134 Haaga-

4 2165 6 2230 ξ
107 2141 201 2210 tiam
226 2134 442 2237 deprieneneio
456 2135 679 2246 flagellabat.
733 2145 857 2238 Atque
878 2135 932 2210 his
952 2135 1076 2236 potius
1095 2150 1184 2205 tem-

4 2271 6 2340 ,
108 2241 265 2338 poribus
286 2265 330 2316 ea
351 2247 449 2320 Petri
474 2249 570 2345 regis
592 2247 629 2318 in
662 2245 886 2339 Germanos,
913 2239 1071 2340 quotum
1090 2239 1186 2311 auxi-

106 2343 155 2420 lio
186 2368 343 2446 regnum
366 2353 543 2451 recepit„
563 2346 676 2425 studia
701 2349 950 2445 conueniunt,
985 2369 1079 2446 quae
1110 2349 1186 2417 Tu·

4 2475 5 2480 ¹
106 2453 244 2526 rotzius
260 2454 304 2525 ad
326 2457 471 2532 initium
494 2459 572 2531 eius
596 2457 837 2556 principatus,
856 2476 931 2554 quo
951 2453 1185 2532 tamenarma

108 2557 305 2631 Germanis
327 2561 468 2661 intulit,
497 2581 772 2636 commemorat.
826 2563 926 2633 Dum
948 2583 967 2634 a
986 2555 1185 2631 coniuratis

107 2656 204 2736 vltro
225 2664 396 2768 citroque
421 2667 545 2742 nuncii
565 2669 759 2742 mittuntur
770 2693 783 2754 3
811 2689 893 2756 non¹
918 2664 1041 2764 potuit
1061 2664 1184 2734 iteres
1255 2679 1258 2684 ·

112 2763 261 2840 occulte
283 2775 426 2872 peragi,
453 2775 543 2874 quin
565 2775 611 2844 ad
629 2795 731 2848 aures
743 2771 985 2871 quorumdam
994 2769 1093 2842 Petri
1111 2762 1184 2852 fuu-

108 2892 233 2945 torum
257 2870 452 2969 efflueret,
479 2881 634 2976 Petrus,
660 2877 704 2951 ab
722 2880 778 2973 his
799 2873 970 2970 edoctus,
995 2867 1185 2949 vebementi

4 3019 8 3122 p
97 2979 227 3076 surore
242 2975 449 3082 snccenfies,
490 3002 533 3056 vt
553 2983 691 3060 ibidem
716 2985 914 3058 Tutotzius
946 2977 1075 3073 refect,
1089 2975 1195 3078 fecit·

4 3129 6 3138 ‚
107 3107 158 3160 eos
173 3082 433 3184 comprehendi,
461 3109 494 3164 et
510 3094 548 3164 in
564 3083 884 3190 equuleofiespensos
899 3079 1072 3184 interficit
1093 3103 1190 3186 quas·
1221 3153 1225 3160 .

105 3187 343 3290 domantem,
372 3193 487 3297 ffoffis
501 3192 624 3290 acolis,
651 3196 942 3282 cetenentoti;·et
955 3210 1066 3269 totam
1085 3181 1183 3264 Han·

104 3300 249 3400 goriam
275 3320 350 3376 casn
374 3301 516 3408 magnii
543 3295 675 3397 afflixit
705 3291 898 3478 ongaliiis,
923 3319 965 3376 ot
986 3302 1103 3404 eaagie
1130 3290 1185 3368 oli-

100 3409 230 3505 gerent
257 3411 366 3501 moti,
408 3431 512 3510 quom
538 3409 592 3482 ita
622 3397 746 3504 misera
770 3403 865 3481 iliter
892 3409 1019 3484 viuere·
1090 3399 1187 3475 Tunc

103 3503 239 3581 nobiles
269 3506 500 3620 Hungotioe,
531 3505 693 3590 'otiantes
725 3508 817 3586 rooba
848 3511 967 3614 gentis
993 3504 1106 3610 fitne,
1148 3508 1198 3580 in.

109 3605 263 3688 tianae
281 3617 322 3690 in
353 3643 460 3698 onum
483 3637 734 3714 conuenerunt,
761 3615 960 3722 confilioqne
981 3610 1110 3716 babito
1141 3627 1189 3682 to·

100 3719 171 3793 tius
188 3715 402 3826 Hungariae
411 3779 425 3822 ,
452 3725 594 3800 annosior
609 3717 958 3822 nfiruatfirllemaet
975 3731 1013 3806 in
1026 3713 1190 3896 Rufi-'jiom

488 3868 492 3876 ·
601 3833 689 3924 H4
1093 3849 1115 3896 o

813 3931 1192 3958 maun-'‘⁸¹¹¹''

150 4001 205 4122 ζα)
228 4005 342 4079 Chion.
362 4011 607 4100 1³.11.e=p.3e;
647 4008 786 4098 (issep.
807 4035 854 4098 24„
872 4031 921 4116 η.
