2754 4306
11 249 12 260 Ν
139 131 334 249 ,‘3m.
517 85 940 248 nmnnrcvs

180 313 218 392 lo
237 313 315 418 post
338 319 434 389 inter
456 314 556 391 illum
581 336 618 389 et
639 317 826 396 Andream
843 315 988 400 fratem
1004 337 1152 394 exortae
1164 318 1266 398 sunt.

180 425 259 500 Hae
285 421 451 494 norrditm
471 443 684 522 eruperant,
712 449 826 525 quum
849 427 1103 524 Innocentius,
1124 433 1167 500 ab
1182 430 1261 502 Aa·
1364 507 1365 520 ,

180 529 288 624 drea,
318 529 382 626 qui
406 545 497 618 voto
515 527 629 603 sacrae
648 533 947 631 peregrinationis
970 533 1181 632 tenebatur,
1198 533 1258 607 sed

179 631 377 708 necessariis
400 635 548 706 adeam
573 639 816 734 peragendam
842 637 1013 710 sumtibus
1042 635 1260 712 destitueba-

177 756 264 842 tur,
300 737 569 840 interpellatio,
605 743 812 816 Emericum
836 765 978 843 regem,
1014 759 1067 818 rt.
1083 747 1256 818 Andreae

151 842 274 924 ,lratri
299 845 528 922 liberalitatis
561 852 682 950 regiae
709 871 853 922 rnannm
878 845 1098 945 extenderet,
1127 849 1259 923 adhor-

38 1031 48 1048 ‚
119 977 128 1039 J
176 975 274 1030 tatus
301 951 360 1025 eli
390 953 448 1048 (a)
476 945 664 1046 Andreas,
703 955 785 1051 qui,
805 949 884 1052 post
917 953 1062 1052 sugam,
1101 957 1140 1026 in
1173 959 1257 1028 Au.

175 1061 294 1134 {iriam
320 1054 380 1129 sub
404 1057 541 1130 exitum
562 1051 748 1157 superioris
773 1055 880 1132 seculi
908 1057 1123 1158 susceptam,
1151 1057 1255 1134 fratri
1364 1127 1365 1134 ,

176 1159 453 1257 reconciliatus,
482 1182 608 1261 pacem
629 1163 788 1238 triennio
808 1160 1027 1260 coluit,*vel
1048 1164 1149 1264 quod
1173 1165 1257 1239 nul-

172 1265 249 1344 ium
280 1269 323 1342 ab
351 1268 518 1340 Emerico
543 1265 733 1343 subfidium
760 1271 951 1368 impetrare
979 1273 1161 1369 potuerit,
1193 1267 1254 1344 vel

173 1375 276 1476 quod
298 1375 374 1447 eius
392 1371 647 1449 destinationes
669 1376 713 1446 ad
736 1377 989 1450 coronandum
1008 1373 1122 1448 filium
1142 1375 1254 1449 inter-

113 1519 116 1526 ·
172 1486 292 1580 cipere
310 1475 491 1580 voluerit,
518 1481 752 1580 concordiam
783 1479 845 1556 sub
872 1483 1009 1555 exitum
1026 1483 1111 1553 anni
1140 1481 1251 1556 huius
1364 1503 1365 1510 ’

169 1589 323 1686 abrupit.
376 1589 498 1658 fluum
526 1581 645 1683 plures
675 1587 720 1659 ad
743 1585 820 1662 suas
847 1601 970 1686 partes'
998 1583 1247 1686 pertraxisset,
1364 1665 1365 1672 Ν

169 1713 208 1766 et
228 1695 372 1766 iamiam
392 1712 555 1789 pugnam
575 1713 662 1766 cum
688 1690 812 1789 pusillo
835 1693 948 1766 liatris
968 1693 1126 1766 exercitu
1146 1713 1249 1766 com·
1364 1689 1365 1700 '

167 1795 316 1873 mittere
343 1793 536 1884 voluissem
560 1797 772 1894 Emeritos,
798 1817 840 1874 vt
853 1800 1012 1872 Thomas
1039 1799 1171 1872 archid.
1192 1823 1248 1872 re·

166 1898 257 2000 sert,
285 1899 346 2002 (l)
372 1893 529 2004 depofitir
550 1910 683 2002 armis,
706 1909 844 2006 aceepit
875 1893 1066 1979 durmaxat
1096 1909 1246 2010 uirgam

160 2015 207 2088 in
230 2033 359 2086 mana:
386 2025 419 2082 et
435 2004 610 2122 ingrefflts
630 2010 757 2086 leniter
777 2014 817 2085 in
833 2033 961 2114 agmen
976 2004 1142 2108 lrostiam,
1163 2007 1244 2084 ibat

156 2134 224 2218 per
255 2113 402 2194 inediam
429 2135 646 2192 armatorum
682 2113 964 2212 multitudinem,
1001 2112 1137 2216 interisti
1160 2137 1242 2190 voce

161 2217 365 2300 clamando.-
393 2225 540 2302 „Nunc
563 2219 720 2315 videbo,
746 2223 825 2320 quis
853 2222 926 2294 erit
955 2220 1058 2295 ausus
1087 2242 1237 2311 manum
1364 2215 1365 2222 ’

162 2368 187 2424 „·
215 2326 409 2401 extendere
434 2323 482 2395 ad
502 2321 669 2400 cruorem
693 2322 821 2426 regalis
847 2323 1037 2426 prosapiae.
1052 2331 1076 2368 ‘⁴
1118 2327 1238 2428 Quem

159 2431 338 2528 videntes,
362 2453 475 2505 omnes
500 2425 686 2530 cedebant,
712 2425 867 2536 nilrilqne
891 2437 1023 2510 rnutire
1049 2430 1235 2530 audenter,

157 2538 298 2645 largam
323 2543 353 2614 ei
379 2539 475 2624 viam
498 2531 579 2612 hinc
603 2535 682 2612 inde
691 2537 892 2636 finiebant.
955 2537 1079 2644 Quam
1114 2555 1234 2612 aurem

148 2643 359 2749 perueniffet
382 2641 432 2718 ad
444 2645 608 2740 fiarrem
617 2666 634 2732 ;
659 2647 751 2742 cepit
765 2709 771 2724 .
786 2667 883 2740 earn,
910 2663 944 2720 et
968 2645 1094 2720 ducens
1126 2659 1234 2716 extra

156 2757 246 2827 acies
257 2812 268 2848 ,
295 2747 389 2851 mifit
414 2773 488 2826 eum
514 2749 553 2824 in
576 2741 762 2847 custodium
791 2748 846 2824 ‘ad
872 2745 1045 2854 quoddam
1082 2745 1234 2850 castrum

159 2858 362 2954 (Kheene)
387 2850 438 2930 Et
469 2874 555 2931 runc
579 2876 691 2928 ornnes
715 2875 818 2929 arma
846 2875 922 2930 curn
943 2851 1074 2956 pudore
1100 2878 1142 2929 ae
1163 2867 1232 2953 pa-

154 2987 235 3036 uore
259 2959 479 3062 deponentes,
505 2955 556 3032 ad
578 2963 674 3064 regis
702 2983 819 3063 genna
842 2959 1043 3060 praeelati,
1089 2963 1233 3060 neniam

132 3059 396 3168 precabantur.
446 3062 529 3138 Rex
566 3083 707 3160 antem,
748 3085 790 3140 vt
826 3084 902 3140 erat
936 3063 1235 3166 elementifflmur,

153 3167 326 3271 vaiaerſsn
347 3168 398 3246 od
422 3174 581 3278 gratiam
594 3163 760 3268 fiascepr't.
813 3173 930 3244 Tanta
960 3168 1030 3245 suit
1057 3181 1243 3245 reuererv‘

150 3283 201 3350 tia
221 3278 385 3353 coronati
406 3276 553 3374 capitis!
579 3279 694 3348 Tanta
718 3269 912 3351 clementia
935 3274 1017 3352 suos
1036 3277 1076 3350 'ru
1102 3273 1225 3351 hostes

71 3395 79 3409 ‘
151 3383 305 3458 Emerui
331 3382 443 3484 regis!
472 3383 528 3472 ()
624 3413 627 3420 ⁴
883 3389 887 3397 ’
1144 3383 1147 3390 ’

1116 3623 1171 3698 A.

152 3849 531 3873 ...mm
912 3849 1229 3894 *ξ’*

167 3979 171 3984 .
189 3925 238 4006 (a)
259 3926 318 4002 Ap·
335 3923 431 3986 Dobn.
443 3925 526 3986 Mon.
539 3929 578 3988 Τ.
588 3929 628 3992 ΙΙ.
641 3951 671 4012 p·
689 3947 857 4016 331-339·
880 3929 1013 4007 (ΝΜ.
1025 3927 1127 3999 salon.
1139 3940 1219 4023 Cap,

240 4005 1024 4116 mmmmmmmmwm
1206 4017 1259 4062 ν
