2754 4306
140 135 300 260 'tw
457 132 979 243 nunnansrr

167 366 249 442 tus,
277 359 420 444 praeter
443 345 609 419 ordinem
637 363 789 422 naturae
804 301 960 446 faustus,
986 367 1064 448 quo
1085 345 1122 418 S,
1142 345 1265 424 Curuo·
1339 443 1341 449 Ι

167 450 330 554 gundem
355 445 514 550 effudit,
541 447 707 528 declarat.
734 454 794 552 (n)
1181 451 1187 486 ¹
1335 475 1341 490 ·

267 665 403 743 CCCL.
449 670 769 746 Guemadmodum
802 669 1044 768 cunegundis
1075 661 1165 766 ista,
1190 673 1265 745 Bo-

173 773 284 856 leslao
316 772 462 851 Polono
482 773 543 868 sub
565 799 702 851 annum
729 797 844 874 1239·
868 791 1008 874 nupta,
1033 791 1138 848 tanto
1163 779 1265 876 puri·

172 887 257 958 tatis
285 903 409 956 amore
437 881 557 954 virum
583 879 686 956 suum
710 877 974 977 inflammauit,
999 897 1041 954 vt
1063 901 1127 978 per
1142 903 1263 957 annos

170 1011 236 1088 40.
273 989 350 1089 pari
381 983 552 1062 consensu
588 985 787 1061 castitatem
815 983 987 1062 illibatam
1022 979 1235 1084 custodierit
1246 1013 1263 1074 3

170 1099 226 1172 ita
247 1089 434 1186 Salomea‚
460 1091 570 1169 huius
593 1085 747 1168 Boleslai
768 1091 897 1168 Pudici
924 1087 1046 1188 soror,
1073 1111 1159 1164 cum
1187 1093 1264 1168 co-

172 1201 342 1296 lomano,
368 1193 476 1274 Belae
508 1195 568 1274 Ν.
598 1195 729 1295 fratre,
757 1217 889 1276 mutuo
911 1193 1085 1272 consensu
1114 1197 1265 1298 virgini·

173 1327 289 1380 tatem
316 1299 488 1378 intadam
515 1303 683 1378 semauit.
734 1309 897 1380 Tantum
920 1323 1010 1378 runc
1031 1305 1070 1377 in
1096 1297 1185 1376 aulis
1208 1325 1265 1380 re·

174 1433 265 1514 gum
286 1409 505 1510 virginitatis
558 1411 689 1486 retium
711 1409 806 1484 erat!
841 1414 932 1486 Tam
957 1405 1043 1484 felix
1068 1410 1261 1507 Andreas,
1356 1463 1357 1466 ,

173 1541 251 1592 non
275 1532 418 1590 tantum
443 1517 481 1588 in
503 1433 701 1592 Effisabetha
730 1513 823 1618 filia,
856 1513 891 1590 se
921 1511 1105 1614 superstite
1136 1509 1264 1590 unffis

171 1619 378 1721 adscripta,
394 1617 582 1722 sedetiam
606 1624 645 1696 in
661 1619 869 1696 Colomano
886 1617 962 1696 filio
980 1633 1165 1722 nepteque
1186 1620 1262 1696 Cu·

171 1729 346 1830 aregunde
358 1752 371 1814 3
406 1745 481 1802 tam
512 1723 594 1802 felix
628 1724 759 1831 Lescus
787 1724 927 1825 Albus,
960 1727 1135 1801 Poloniae
1161 1727 1260 1824 dux,

147 1913 149 1918 .
170 1835 211 1910 in
236 1829 405 1912 Boleslao
425 1829 502 1907 filio
530 1831 674 1932 filiaque
693 1828 860 1908 Salomea
875 1829 956 1908 fuit.
1009 1835 1131 1907 Ouum
1148 1833 1261 1905 niens

172 1943 302 2036 nium,
331 1935 410 2040 post
445 1941 548 2039 quod
581 1935 768 2014 Micislaus
799 1933 933 2014 Halicia
967 1937 1001 2015 se
1031 1935 1260 2016 deceffurum

172 2043 443 2146 spoponderat,
479 2041 663 2145 expletum
700 2047 770 2120 iam
801 2043 863 2130 sm
891 2043 1081 2144 Andreas,
1106 2039 1261 2150 Hungu-

170 2157 252 2230 rr'ae
276 2176 363 2247 rex,
389 2169 433 2224 vt
457 2147 650 2251 Dlugofsus
675 2149 821 2248 scribit,
848 2147 908 2250 (b)
934 2168 1021 2230 naua
1037 2155 1194 2228 exercitu
1218 2155 1261 2226 r'n

155 2259 251 2336 'tram
279 2281 412 2332 annum
442 2273 659 2357 comparata,
673 2249 796 2357 filiurn
814 2252 923 2356 sturm
949 2255 1168 2338 Caletranum
1184 2278 1265 2332 con·

175 2381 236 2442 tra
263 2357 477 2460 Halicienser
499 2366 736 2462 transmittit,
788 2369 826 2442 rer‘
849 2400 903 2430 -ι
928 2361 1055 2471 absque
1082 2366 1177 2440 arnnr'
1208 2386 1263 2436 re-

19 2467 21 2474 '
166 2463 347 2570 fistaatr'a,
372 2463 576 2568 Halicienfi
584 2470 720 2570 paritas
745 2383 792 2569 ed
816 2473 957 2578 regione
985 2491 1020 2548 et
1046 2493 1136 2548 arte.
1193 2463 1264 2540 ista

176 2573 327 2671 quidem
355 2569 499 2648 duobus
518 2571 619 2646 annis
643 2571 838 2676 Dlugoffus
871 2595 1032 2678 occupat
1039 2601 1053 2663 3
1079 2572 1138 2650 sed
1164 2570 1264 2646 iilius

176 2675 440 2781 chronologiae
467 2677 657 2754 fidendum
688 2702 765 2755 non
793 2679 884 2778 effe,
920 2683 979 2758 vei
1011 2681 1101 2756 inde
1137 2695 1264 2779 patet,

172 2785 275 2884 quod
301 2785 464 2860 eiusdem
497 2781 689 2860 Colomani
713 2806 871 2860 mortem
899 2787 943 2862 ad
972 2781 1182 2887 sequentem
1202 2805 1267 2854 an-

175 2913 268 2966 num
289 2889 447 2991 defigat,
474 2913 585 2990 quem
620 2912 688 2964 nos
718 2893 827 2968 tertio
856 2890 936 2991 post
959 2915 1058 2968 anno
1092 2889 1263 2964 Croatiae

173 2993 445 3094 praefuturum,
473 2993 662 3095 multaque
685 2993 865 3096 praeclare
889 2998 988 3097 prius
1012 2993 1178 3072 adumm
1205 2997 1264 3070 vi·

174 3101 366 3210 dabimus,
393 3123 504 3202 quam
520 3097 601 3204 post
621 3097 762 3176 cladem
775 3105 996 3180 Tarusicam
1019 3103 1141 3182 obeat.
1159 3103 1222 3200 (e)

131 3359 133 3370 ·
274 3311 427 3392 CCCLI.
455 3315 643 3414 Andreas,
663 3313 822 3392 filiorum
840 3319 998 3420 negotiis
1018 3319 1090 3394 rite
1102 3339 1262 3420 compo·

175 3423 272 3519 fitis,
298 3443 336 3496 et
366 3421 503 3496 montis
530 3423 740 3498 Pannoniae
763 3425 901 3498 iuribus
926 3418 1111 3521 stabilitis,
1138 3447 1259 3525 quum

151 3533 310 3605 ¹interca
327 3549 471 3602 ‚nouam
497 3531 531 3598 S.
555 3525 741 3602 Benedicti
768 3525 850 3604 filiis
874 3527 1056 3606 abbatiam
1071 3532 1118 3605 de
1141 3529 1264 3605 szkal·

166 3635 221 3714 'ka
247 3637 420 3743 lacobus,
447 3631 636 3720 Nitriensrs
669 3632 880 3736 episcopus,
907 3631 1104 3722 excitadet3
1148 3641 1264 3710 Saxo-

1140 3763 1209 3817 nes

214 3951 264 4037 (a)
286 3955 350 4014 Hist
375 3964 459 4054 ⁸Crit·
481 3963 517 4024 T.
540 3963 579 4025 V.
603 3984 628 4045 p.
656 3981 840 4046 ars-440·
881 3967 931 4050 (fi)
952 3966 1040 4032 libr.
1057 3965 1114 4034 Vl·
1133 3985 1164 4052 Ρ.
1183 3969 1261 4045 ⁶²⁸.

220 4101 223 4108 ¹
271 4041 316 4116 (e)
340 4035 415 4103 Hrst.
438 4043 487 4106 Cr.
512 4045 548 4108 T.
570 4051 607 4112 V.
631 4067 660 4130 p.
682 4068 860 4132 ear-444·
1100 4087 1103 4096 ¹
