2754 4306
466 201 616 340 nyx
664 199 785 280 xix.
1058 173 1136 304 439
1238 311 1241 326 Ι
1302 291 1306 298 ,

106 393 169 450 nes
199 367 260 443 nbi
283 385 385 444 nouo
408 370 585 447 beneficio
610 367 889 468 conciliaturus,
916 359 1108 473 {inguines
1125 375 1187 448 'eis

107 477 375 580 praerogatiuae
391 478 464 568 hoc
479 477 676 580 diplomate
691 472 868 552 contulit:
895 479 954 574 (a)
992 480 1182 562 „Andreas

108 630 132 670 η
159 623 213 662 -.·
237 581 468 659 Accedentes
494 625 548 646 -
574 581 697 662 fideles
722 579 830 656 nostn'
861 582 1018 682 hospites
1050 589 1189 659 Teuto-

113 741 137 779 „
165 691 238 764 nici
253 683 638 786 Vlua·Ttanssiluani‚
665 719 718 748 ει·
745 686 804 762 sua
819 690 1049 788 querimonia
1064 687 1211 792 supplia,

114 841 139 882 „
168 797 257 868 citer
282 793 387 868 nobis
411 793 724 894 monstrauerunt,
766 794 868 893 quod
903 795 1050 894 penitus
1078 817 1100 868 a
1133 795 1191 870 sua
1272 797 1277 806 ’

114 945 139 988 „
165 895 352 995 libertate,
379 924 451 999 qua
475 903 604 977 donati
623 901 694 1000 (aL
714 905 856 997 vocati)
882 897 1048 996 fuerant,
1078 898 1194 996 apiis-

112 1063 137 1102 „
164 1005 253 1080 fimo
281 1029 369 1110 tege
398 1003 523 1105 Gein,
551 1031 621 1082 auo
638 1006 781 1106 nostro,
799 999 1019 1082 excidissent.
1037 1045 1088 1064 -·
1109 1008 1192 1080 Nos
1252 1081 1254 1086 ,

111 1161 136 1202 ,,
161 1113 275 1212 igitur
300 1153 352 1174 -
378 1153 431 1174 -
468 1109 650 1212 ptistinam
676 1116 727 1189 eis
751 1114 937 1188 reddimus
965 1110 1191 1198 libertatem

113 1219 214 1314 „ita
241 1237 388 1318 tamen,
415 1221 517 1320 quod
545 1217 733 1294 vniuersus
760 1217 940 1318 populus,
965 1219 1144 1318 incipiens
1170 1242 1190 1294 a

113 1381 139 1420 ‚,
168 1321 297 1398 Vasoss
319 1349 435 1426 vsque
458 1326 504 1400 ud
535 1323 676 1420 Batait,
721 1348 807 1399 cum
832 1345 928 1400 terra
959 1321 1192 1422 Siculorum,

113 1469 147 1516 „¹
165 1451 258 1504 terra
285 1433 419 1505 Szebus
445 1451 484 1506 et
512 1450 606 1506 terra
628 1433 792 1528 Daraus,
828 1450 921 1506 vnus
947 1427 988 1504 fit
1010 1427 1192 1530 populus,

113 1587 138 1629 „
165 1557 204 1610 et
230 1535 292 1612 sub
316 1560 393 1612 vno
421 1539 543 1613 iudice
567 1533 779 1636 censeatur,
814 1537 986 1612 omnibus
1011 1535 1194 1610 cdmitati·

113 1687 137 1729 „
167 1645 258 1738 bus,
284 1661 427 1744 praeter
454 1639 719 1738 cibiniensem,
755 1639 966 1718 ceffintibus
997 1641 1185 1716 radicitus.

111 1751 298 1842 „Comes
326 1771 436 1844 vero,
465 1751 691 1849 quicumque
711 1745 821 1826 fuerit
852 1745 1064 1824 cibiniensis
1073 1773 1085 1833 3
1115 1741 1192 1818 nul-

110 1897 134 1936 „
162 1853 237 1952 lum
264 1851 463 1953 praesumat
479 1853 632 1934 statuere
652 1857 693 1928 in
721 1851 911 1958 praediffis
932 1851 1191 1940 comitatibu55

112 2001 135 2044 „
164 1959 226 2034 nist
252 1958 293 2034 sit
320 1962 414 2034 intra
448 1983 511 2036 eos
541 1959 719 2058 residens,
763 1981 801 2038 et
827 1957 944 2062 ipsum
979 1955 1107 2060 populi
1132 1957 1192 2032 eli·

111 2115 137 2158 „
162 2083 266 2168 gant
291 2103 344 2124 -
370 2066 432 2140 Ad
456 2064 598 2139 lucrum
628 2087 716 2141 vero
741 2063 1067 2142 nostraeacamerae
1100 2085 1189 2161 500.

111 2217 137 2258 ‚‚
164 2193 301 2246 marcas
325 2173 466 2274 argenti
487 2171 571 2244 dare
594 2191 788 2252 teneantur
816 2174 1016 2248 annuatim.
1043 2209 1105 2274 -,
1124 2169 1196 2244 Μι-

112 2323 138 2364 ,,
165 2274 248 2352 lites
275 2299 365 2353 vero
397 2299 457 2376 50.
494 2279 588 2358 intra
609 2301 765 2381 regnum
800 2303 838 2356 et
866 2283 972 2384 regni
995 2277 1197 2380 expeditio·

113 2439 139 2478 ‚,
167 2407 252 2458 nem
279 2383 524 2486 deputentur3
551 2405 652 2462 extra
675 2409 765 2465 vero
786 2409 941 2488 regnum
967 2380 1053 2467 106.
1080 2383 1103 2458 fi
1129 2403 1193 2457 rex

113 2545 137 2584 „
164 2491 372 2590 inproprie
401 2491 551 2592 persona
577 2491 703 2566 iuerit:
730 2491 864 2566 stvere
886 2517 931 2568 ex
954 2517 1070 2594 regno
1095 2490 1195 2589 joba·

112 2651 138 2690 „
166 2598 316 2698 gionem
340 2597 470 2670 miserit
477 2621 492 2682 5
516 2637 568 2656 -
601 2619 662 2694 50.
685 2598 946 2682 tantummodo
968 2595 1099 2672 milites
1116 2597 1195 2667 mit·

113 2753 140 2794 ,‚
164 2719 242 2776 tere
274 2717 478 2774 teneantur.
518 2739 571 2782 -,-
616 2702 830 2775 sacerdotes
856 2724 947 2776 vero
973 2701 1053 2776 suos
1083 2697 1194 2774 libere

115 2851 140 2890 2,
165 2801 325 2906 eligant,
353 2821 391 2880 et
413 2803 547 2882 nenos
565 2803 854 2906 repraesentent,
880 2825 917 2881 et
933 2805 1014 2907 ipsts
1035 2807 1195 2896 decimas

47 2972 52 2982 .
113 2957 138 3000 ,‚
167 2909 383 3012 persoluunt
408 2953 462 2990 .-
487 2907 668 2990 Volumus
686 2915 814 3010 etiam,
838 2949 892 2972 -
917 2907 1195 3011 quatenusillos

64 3026 68 3035 '
115 3067 140 3109 ‚,
169 3013 289 3092 nullus
321 3017 457 3092 iudicet
463 3045 483 3104 3·
503 3017 565 3092 nist
589 3039 658 3096 nos
680 3013 741 3096 vel
756 3039 889 3092 tomes
905 3016 1193 3094 Cibinienfis.··-

112 3169 139 3212 „
164 3129 219 3188 -ἑ
246 3129 392 3201 Praeter
419 3122 523 3224 supra
539 3121 654 3222 dina,
680 3121 803 3200 filuam
823 3119 1016 3222 Blaqorum
1035 3143 1073 3202 et
1089 3116 1201 3200 Biffe·

113 3285 139 3326 „
165 3253 300 3310 norum
328 3253 414 3306 cum
438 3232 541 3331 aquis
565 3269 619 3290 -·
645 3231 782 3304 eisdem
808 3231 1044 3308 contulimus.
1070 3261 1193 3292 -ι-

113 3393 139 3432 ,,
167 3339 302 3413 Omnia
327 3339 439 3412 etiam
463 3335 540 3412 fora
565 3333 723 3436 ipsprum
749 3335 820 3420 stne
842 3339 986 3417 tributis
1022 3335 1199 3440 praecipi·

113 3497 139 3538 ‚‚
167 3467 250 3518 mus
277 3441 470 3526 obseruari.
495 3481 550 3510 ·-
573 3446 660 3528 Dat.
689 3467 787 3524 anno
804 3444 849 3522 ab
866 3446 939 3548 inc.
958 3447 1057 3521 dom.
1073 3439 1198 3518 MCC·

115 3597 140 3646 υ
166 3551 295 3631 xxlv.
309 3558 333 3601 ‘⁴
353 3547 414 3648 (b)

578 3745 714 3840 Ee4
1005 3725 1009 3742 ¹
1087 3741 1142 3820 A.

119 3923 452 4163 *afflig-1603&
465 3993 557 4078 orig.
571 3997 678 4085 Teme·
689 4015 719 4080 p.
736 4001 786 4060 16.
826 3989 874 4076 (i)
898 3989 975 4060 iiiii.
995 3991 1047 4060 Cr·
1060 3993 1099 4061 T·
1112 3995 1150 4057 V·
1168 4012 1197 4075 p.
