2738 4304
497 203 651 279 DVX
705 203 780 277 vl.
876 221 879 234 ·
977 303 1024 320 Ι,
1083 223 1126 301 ςς

95 361 201 438 lienfi
219 369 322 444 datas
349 374 394 444 ad
414 395 549 448 annum
576 393 689 472 1037.
710 374 945 474 produximus
973 375 1030 471 (a)
1058 377 1107 448 ita
1133 365 1183 450 io-

98 491 263 570 quutus:
290 475 391 552 Sicut
410 473 518 556 habui
527 475 757 582 potestatem,
778 477 987 574 vt,'ubieum
1013 505 1051 554 ue
1072 481 1131 556 vel
1143 488 1181 557 iu

99 601 317 682 quonamque
341 581 410 658 loco
431 584 571 682 vellem,
599 585 683 660 eccle
696 613 751 662 tat
778 607 841 662 aut
868 505 1070 684 oronasseria
1106 610 1182 660 con·

5 749 6 752 ,
89 678 270 782 struerem
282 713 299 778 5
325 693 378 762 ita
405 685 625 766 nihilominus
654 721 681 765 a.
703 689 879 766 Romanae
899 687 995 788 sedis
1015 687 1181 848 supremo

91 785 265 888 pontifice
286 787 393 870 habui
417 798 685 891 annotantem,
714 817 777 896 vt,
806 791 932 900 quibus
958 794 1098 890 vehem,
1134 789 1192 870 aa,

95 892 213 995 elestis
228 891 299 991 serr
328 897 542 1000 monasteriis
565 898 744 978 libertates
768 924 802 978 et
828 900 1026 1006 dignitates
1055 925 1115 976 eoru
1134 927 1185 973 er·

97 1023 187 1074 rem.
244 1007 328 1076 Hoc
346 1001 432 1078 loco
459 1001 595 1078 sanetus
621 1025 685 1080 rex
709 1010 806 1080 inter
833 1007 1055 1106 potestatem,
1072 1003 1184 1079 eccle·

102 1103 168 1178 fias
194 1125 259 1180 aut
283 1108 495 1186 monasteria
528 1109 780 1209 construendi,
815 1113 916 1211 quod
953 1113 1182 1210 priuatorum

103 1213 219 1284 etiam
246 1209 315 1286 ene
347 1213 483 1314 potest,
511 1237 552 1288 ac
578 1214 827 1292 auiioritatem
843 1213 997 1292 ecclefiis
1019 1233 1080 1289 aut
1105 1239 1182 1290 mo·

104 1313 262 1391 nasserius
287 1313 470 1394 libertates
497 1337 535 1392 et
556 1321 761 1423 dignitates
788 1319 1022 1414 conferendi,
1068 1345 1180 1422 quam

4 1439 5 1444 ’
103 1425 312 1496 :Romano
332 1426 507 1524 pontifice
532 1426 678 1522 habuit,
704 1445 870 1502 accurate
888 1426 1081 1530 distinguit
1120 1431 1183 1498 Vt·

103 1547 176 1624 que
192 1526 407 1605 neceffarius
430 1530 566 1608 adhoc
590 1531 771 1630 pontificis
799 1532 992 1608 consensus
1016 1550 1112 1616 erate
1130 1533 1182 1604 ita

100 1629 316 1716 necessarius
343 1659 423 1710 non
447 1655 522 1711 erat
545 1639 589 1709 ad
615 1636 777 1716 ecclefias
806 1638 1072 1713 construendas.
1098 1643 1182 1710 Nec

103 1737 148 1808 ad
173 1739 213 1809 id
230 1740 513 1840 'impetrandum
534 1745 690 1818 Romam
717 1743 899 1818 Astricum
925 1743 1037 1840 misit,
1062 1740 1121 1816 sed
1139 1760 1182 1814 vt
1303 1761 1310 1790 ⁸

102 1841 271 1939 pontifex
300 1849 438 1942 (verba
464 1845 556 1921 sunt¹
574 1850 794 1946 carthuitii)
821 1845 882 1944 (b)
908 1843 1181 1954 Strigonieafim

101 1947 273 2050 ecelefiam
299 1957 340 2027 in
368 1952 578 2054 metropolim
592 1947 682 2050 strue
701 1949 972 2054 ſsrbseriptionis
1000 1947 1184 2026 auHorira·

101 2073 137 2128 te
151 2053 340 2152 sanciret,
385 2079 420 2136 et
443 2059 589 2162 reliquos
613 2055 823 2162 episcopatus
842 2053 913 2157 sua
954 2055 1183 2134 beneditiione

100 2167 267 2236 muniret.
320 2165 445 2266 Atque
467 2167 537 2238 hoc
566 2183 642 2237 erat
668 2169 826 2264 primum
857 2161 1047 2264 legationis
1074 2164 1182 2234 huius

104 2284 246 2366 caput3
295 2266 446 2342 alterum
481 2271 577 2342 idem
619 2273 841 2346 Carthuitius
869 2291 955 2342 mox
991 2271 1058 2342 ita·
1080 2265 1181 2340 subii-

101 2374 171 2444 cit:
198 2371 315 2478 Regio
339 2378 444 2450 etiam
468 2373 675 2480 dignaretur
694 2374 804 2477 ipfirm
827 2374 1020 2452 diademate
1045 2369 1182 2447 robora·

99 2497 159 2572 re,
188 2497 254 2575 ut,
280 2504 316 2553 eo
328 2477 450 2579 fultus
474 2475 619 2574 honore,
646 2499 762 2584 coepta
783 2500 850 2592 per
886 2476 987 2562 DEI
1019 2483 1180 2586 gratiam

90 2579 204 2687 pofflt
212 2580 364 2684 solidius
379 2579 550 2684 stabilire.
577 2587 633 2682 (c)

193 2801 309 2874 LVII.
337 2803 547 2902 Priusquam
581 2800 740 2878 Amicus
776 2807 931 2877 Romam
968 2797 1153 2902 appuliffet
1168 2827 1181 2885 ;

100 2907 286 3004 petendae
309 2911 440 3006 pariter
464 2931 620 3002 coronae
644 2911 755 3010 gratia
781 2906 954 2982 Poloniae
972 2904 1081 3004 legati
1108 2909 1181 2976 iam

99 3013 202 3109 prius
230 3011 362 3084 eodem
391 3013 624 3087 aduenerant.
691 3011 849 3088 Praeiuit
865 3029 972 3112 ‘tune
1012 3006 1179 3080 ecclesiae

98 3119 289 3192 Romanae
313 3112 475 3192 Siluester
494 3123 537 3192 11.
562 3122 626 3218 qui
646 3120 783 3214 pridie,
810 3139 920 3215 quam
945 3110 1105 3185 Astricus
1124 3115 1181 3184 ari·

95 3217 245 3318 finiret,
275 3244 340 3319 per
365 3223 535 3322 angelum
555 3219 736 3296 nocturno
765 3221 891 3294 somno
909 3221 1179 3318 praemonitus,

96 3347 139 3400 vt
164 3327 360 3422 diadema,
387 3329 488 3428 quod
517 3325 689 3402 roloniae
706 3329 790 3401 deici
814 3321 1064 3420 constituerat,
1091 3328 1182 3396 Pan-

96 3433 235 3506 noniae
259 3435 364 3527 duci,
392 3435 496 3507 cuius
520 3429 662 3536 legatus
688 3432 855 3532 postridie
883 3449 1057 3503 venturus
1074 3427 1179 3522 effer,

96 3543 283 3632 mitteret,
298 3540 416 3612 :auioe
442 3539 550 3616 huius
577 3529 776 3613 aduentum
796 3533 1037 3636 exspeiiabat3
1064 3559 1179 3634 quum

97 3643 217 3729 ecce!
246 3643 462 3726 desideratus
493 3647 787 3757 ignotaegentis
805 3639 947 3744 legatus
983 3637 1088 3713 adest.
1119 3637 1180 3732 (d)

583 3755 619 3830 D
647 3773 675 3853 4
1041 3750 1130 3818 Eius

139 3971 197 4060 (a)
227 3973 305 4038 rue.
324 3973 376 4042 cr.
398 3981 473 4059 neg.
499 3977 539 4050 τ,
559 3977 587 4039 1.
610 3997 636 4060 ρ.
656 3996 729 4058 44¹·
779 3973 827 4056 (a)
856 3973 932 4036 aare.
955 3973 1032 4034 nar.
1056 3989 1085 4046 n
1103 3977 1184 4062 no.

199 4057 336 4139 ΘΗΚ
347 4058 714 4148 Ct.1)ue.p.·744.747‚
736 4059 788 4146 (d)
800 4059 906 4128 Carth.
921 4053 976 4114 Ed.
989 4053 1066 4112 urar.
1077 4057 1181 4131 pan.
