2754 4306
195 222 198 230 ,
349 93 817 223 ¹'rrrerrxvrr
1061 169 1134 252 371

8 383 9 422 p
115 323 220 398 tauit.
247 325 286 396 Si
310 315 511 423 oiHoritfiae
532 315 777 396 dominationis
791 313 1004 424 ingrefflrmj
1028 319 1193 400 srrrium·

110 427 221 533 plum
244 425 285 502 de
307 423 493 503 Dalmatia
523 423 730 528 Croatr'aque
761 420 958 500 celebrauit
964 451 977 512 3
1022 428 1196 530 haspro.

114 537 252 610 uincias
275 535 381 606 armis
396 527 586 607 obtinuisse
612 531 792 604 dicendus
817 527 877 604 est
928 530 1067 608 Bellum
1082 536 1194 634 igitur
1323 565 1326 576 ¹

115 640 279 714 Andreas
316 635 481 712 aduersus
505 635 650 711 fratrem
684 659 751 734 pro
787 634 852 708 his·
879 635 1087 712 obtinendis
1116 665 1197 716 mo·

119 743 204 822 uisse
231 738 437 846 geffisl'eque
463 745 617 818 videtur.
675 743 722 812 Iis
755 741 914 839 potitus,
953 767 1051 816 arma
1078 741 1196 821 vidiri·

116 856 171 928 cia
195 875 273 925 non
296 849 342 924 ad
369 851 592 949 Hungariam
614 843 731 941 fratri,
759 848 820 918 cui
854 849 1017 948 Hungari
1046 869 1206 949 propter

115 957 241 1032 aetatis
275 941 565 1055 praerogatiuam
595 961 751 1053 regnum
785 950 1018 1051 detulerant,
1045 959 1197 1055 eripien-

115 1066 221 1148 dam3
249 1059 306 1136 sed
349 1064 394 1134 ad
438 1055 644 1134 Chulmiam
683 1076 721 1130 et
757 1057 914 1132 Rastiam
961 1058 1196 1162 subigendam

113 1169 301 1243 conuertit
308 1192 319 1252 ;
348 1188 417 1240 nec
453 1186 627 1265 vrnquam
653 1165 861 1254 Emericum
901 1166 975 1266 ipsa
1011 1171 1198 1269 Hungaria

116 1271 265 1374 spoliare
294 1269 422 1347 voluit.
477 1271 584 1345 Vnde
613 1264 793 1342 Iadrenses
819 1291 990 1370 quoque,
1015 1269 1102 1348 licet
1122 1299 1197 1348 am·

7 1471 9 1478 y
117 1378 211 1479 plexi
233 1395 351 1478 partes
362 1377 552 1476 Andreae,
570 1369 720 1476 plenum
739 1377 910 1450 Emerico
933 1380 1025 1480 regis
1046 1375 1195 1454 titulum

7 1571 9 1586 Ι
115 1481 331 1558 adscribunt.
384 1485 549 1556 Andreas
563 1477 637 1582 ipse
654 1477 779 1553 nonst
801 1503 951 1581 regem,
976 1481 1034 1560 sed
1059 1485 1193 1560 ducem

7 1595 9 1616 ¹
119 1611 229 1674 vocat
259 1591 298 1660 in
335 1591 407 1664 hoc
433 1585 651 1688 diplomate:
678 1586 736 1678 (a)
781 1589 905 1687 ..Ego
930 1592 1117 1686 Andreas,
1143 1595 1194 1666 D.

120 1753 143 1787 ,‚
173 1721 226 1796 gr.
252 1691 372 1772 Dalm.
400 1697 523 1768 Croat.
547 1697 680 1765 Rornae
708 1685 958 1793 Cholmaeque
986 1696 1082 1791 dux,
1107 1719 1198 1770 con.

120 1857 143 1893 ‚,
172 1801 277 1876 sirmo
299 1805 340 1876 B.
370 1801 537 1874 Domnio
565 1790 740 1896 capellam
762 1801 797 1872 S.
818 1797 948 1898 Moysr,
965 1839 1018 1860 -
1037 1797 1099 1898 (b)

125 2057 128 2064 .
216 2011 401 2084 CCXCIX.
429 2012 485 2084 Ex
515 2008 766 2084 monumentis
809 2007 976 2084 excitatis
1023 2029 1199 2110 apparet,
1265 2001 1270 2008 ’

118 2139 291 2220 quantam
315 2113 589 2190 sollicitudinem
617 2131 655 2189 et
684 2109 923 2210 Caelestinus,
950 2131 989 2186 et
1019 2115 1199 2190 Innocen-

119 2230 190 2298 tius
220 2217 510 2324 praesetulerint‚
536 2239 601 2318 vt,
629 2216 795 2291 fratribus
817 2221 862 2292 ad
888 2221 1122 2294 concordiam
1144 2245 1199 2296 re·
1290 2254 1302 2274 κ

117 2326 256 2424 dusiis,
283 2328 381 2402 suam
406 2328 613 2429 Hungariae
635 2321 937 2426 tranquillitatem
962 2323 1201 2404 restituerent.

6 2495 8 2516 r
121 2438 253 2512 Turbis
285 2438 398 2538 igitur
431 2457 542 2534 opera
580 2433 713 2506 horum
739 2429 958 2530 pontificum
993 2449 1198 2533 utcumque

117 2535 261 2642 sopitis,
288 2545 540 2642 opportunum
576 2531 647 2612 ¹esse
680 2537 891 2634 videbatur,
935 2555 977 2611 vt
1009 2541 1200 2614 Emericus

118 2651 267 2748 dignam
294 2667 378 2722 toro
405 2643 467 2720 suo
493 2644 690 2742 coniugem
715 2643 754 2712 in
789 2645 1011 2742 Hungariam
1038 2645 1202 2718 traduce·

118 2776 185 2826 ret.
237 2745 355 2828 Huius
384 2773 502 2832 vxor,
534 2747 658 2846 inquit
691 2745 911 2842 Tumulus,
938 2749 993 2844 (c)
1038 2744 1201 2850 Constan-¹
1265 2839 1267 2845 ,

102 2865 195 2955 tria,
213 2854 295 2958 filia
325 2858 422 2960 regis
443 2844 665 2956 Aragoniae.
719 2853 825 2926 Pater
846 2849 942 2926 illius
968 2847 1201 2952 Alphonsus,

120 2953 263 3064 praeter
288 2960 392 3052 hanc¹
405 2953 669 3054 Constantiam,
696 2955 774 3060 post
792 2957 936 3034 obitum
954 2959 1109 3033 Emerici
1124 2961 1201 3036 Fri·
1352 3017 1356 3026 .

121 3070 247 3144 derico
271 3067 317 3140 11.
337 3069 426 3164 imp.
451 3059 612 3136 secundis
639 3062 776 3162 nuptiis
800 3061 1045 3161 collocatam,
1072 3087 1092 3139 e
1115 3071 1201 3140 San·

121 3171 213 3274 tna,
240 3167 407 3248 Castellae
449 3171 543 3269 regis
583 3163 674 3264 lilia,
699 3165 849 3268 suscepit
884 3171 994 3244 etiam
1022 3173 1201 3267 Petrum,

122 3286 225 3356 cuius
250 3277 343 3354 silius
374 3275 530 3351 lacobus
557 3267 756 3370 solantam,
790 3276 965 3352 ¹Andreae
990 3279 1034 3352 11.
1062 3273 1171 3350 filiam
1183 3333 1198 3376 ,

119 3408 272 3466 vxorem
296 3385 449 3483 accepit.
498 3383 555 3454 Ita
580 3376 679 3482 stirps
704 3380 913 3480 Arpadiana
943 3385 1093 3483 gemino
1125 3383 1199 3456 hoc

120 3493 310 3568 connubio
332 3489 477 3590 regibus
506 3489 714 3588 Aragoniae
737 3487 886 3588 propius
905 3485 943 3564 et
970 3485 1100 3564 arsiius
1128 3483 1201 3563 alli-

117 3619 204 3700 gata
234 3596 313 3674 fuit.
368 3595 547 3670 Schierius
578 3591 747 3693 Alisram,
773 3595 947 3694 principis
974 3595 1203 3672 Antiocheni

984 3699 1147 3798 ,filiam,

169 3919 1276 4017 mmmffimmdfflmQQMu‚

218 4027 394 4100 480‘491·
436 4015 478 4096 (θ)
502 4013 616 4083 ΟΜ
639 4013 672 4086 Ρ.
693 4011 737 4084 11.
755 4033 819 4100 cap.
844 4035 898 4100 70·
