2738 4304
226 101 278 178 72
427 21 1006 154 usuuuunuvs
1096 27 1100 34 ’

171 271 225 333 to.
278 245 384 322 XLV.
412 239 619 350 Proonifflcnc
641 243 738 332 rodit
760 251 798 322 in
831 241 1003 324 debitam:
1047 245 1172 320 XLVL
1200 241 1269 323 Dc

173 353 254 452 iis,
281 355 341 456 qni
365 345 532 429 bominem
556 348 676 456 gladio
699 351 898 428 occiderint.
951 352 1094 426 XLVII.
1119 347 1180 426 Dc
1203 349 1265 426 dc-

125 453 130 464 “
174 459 370 538 bilitationc
387 449 654 554 onombrorm
697 455 815 564 gladio
838 457 956 557 sabia.
1008 459 1169 531 XLVIII.
1197 455 1264 532 Dc

174 567 319 744 coqui
344 561 461 672 gladio
476 555 676 664 percnfficc‚
701 563 826 641 uulnus
843 568 987 662 occepit.
1038 563 1161 636 XLIX.
1197 559 1262 638 De

174 669 238 776 gia
262 675 291 747 ii
311 668 638 774 coaginotioncstcoc
653 665 801 744 ualncrc.
828 671 870 743 L.
897 665 955 743 Da
975 661 1167 766 testinnonio
1175 663 1268 765 scr·-

176 799 320 870 aorum,
367 772 482 880 rogali
516 777 660 867 cariae,
699 771 758 860 uei
781 779 941 870 comitis,
967 771 1257 878 praeposttoncm.

176 884 237 956 LI.
264 877 322 954 Dc
355 875 609 980 conspiratione
635 899 757 967 contra
779 901 897 988 regem
919 898 952 954 ct
975 885 1148 982 reginam.
1192 881 1258 972 Yi-

136 1059 138 1064 .
178 987 283 1066 detur
314 1007 459 1092 rognum
487 1007 555 1084 pro
589 986 714 1087 regina
740 983 1027 1077 rescribendum,
1070 1004 1114 1057 vt
1137 983 1189 1078 cst
1213 985 1257 1056 in

27 1174 31 1184 ,
177 1095 297 1192 nigro.
348 1092 425 1162 LIL
468 1085 527 1163 De
553 1087 799 1185 decimatione,
825 1113 936 1190 quam
969 1086 1259 1184 abscondentes,

88 1213 91 1218 ·
176 1215 316 1270 nouem
338 1189 476 1270 soluere
499 1194 681 1272 iubentur.
731 1199 825 1271 LIII.
860 1192 918 1270 Dc
943 1189 1259 1278 calumniatoribus

178 1297 286 1376 aulae.
339 1296 554 1376 susurrones
576 1320 719 1400 poenae
739 1303 865 1376 mortis
892 1299 1121 1376 addicuntur.
1153 1303 1254 1372 le.
1345 1322 1346 1392 ;

178 1401 238 1484 Dc
254 1398 328 1502 tas,
355 1395 416 1508 qui
438 1403 618 1484 mendacia
642 1412 736 1484 inter
764 1403 847 1496 daos
864 1401 961 1480 aulae
971 1403 1178 1504 familiares
1193 1403 1256 1480 ad·

168 1503 332 1614 struant,
370 1506 491 1611 lingua
516 1507 723 1587 multandis.
775 1511 860 1606 ΙΝ,
879 1507 937 1584 Dc
955 1511 1064 1609 forto
1092 1509 1260 1588 uduorni-
1345 1539 1346 1546 ¹

178 1639 315 1712 corum,
343 1616 543 1692 aulicorum
557 1613 761 1714 seruorum,
789 1617 872 1715 qui,
899 1607 1048 1714 propiet
1063 1617 1251 1690 infamiam

174 1717 283 1814 furti,
312 1725 562 1822 praerogatiua
584 1719 775 1807 testimonii
806 1717 995 1796 nobilium¹
1010 1719 1117 1794 instar
1143 1719 1261 1795 feren-

176 1825 216 1899 di
244 1826 441 1922 priuantur.
494 1825 658 1930 Explicit
674 1825 846 1906 decretum
875 1823 913 1900 S.
943 1819 1113 1924 Stephani
1137 1829 1261 1932 cogis,

168 1929 433 2038 promulgatum
460 1929 663 2040 Strigonii,
690 1957 780 2012 anno
808 1925 1020 2010 MXXXV.
1062 1935 1164 2006 Haec
1188 1931 1260 2029 pri·

178 2056 241 2110 ma
263 2035 413 2112 fuerunt
433 2034 579 2138 politiae
602 2036 831 2138 Hunguricae
857 2035 1113 2132 fundamenta,
1139 2033 1287 2108 subin»

177 2141 225 2212 dc
248 2163 314 2240 per
336 2139 424 2218 ulios
445 2165 547 2242 reges
565 2141 674 2224 altius
697 2139 845 2238 eduma,
873 2137 1035 2241 pluribus
1050 2163 1179 2214 eorum
1194 2141 1259 2214 de-
1346 2139 1347 2142 ’

50 2333 53 2340 ,
177 2247 286 2320 tretis
309 2247 347 2320 in
369 2249 536 2322 codicem
565 2249 651 2322 iuris
677 2248 781 2346 patrii
804 2243 944 2342 relatis,
981 2247 1155 2344 equibus
1180 2249 1261 2321 Ste-

177 2351 322 2450 phanus
340 2348 557 2427 Verb‘otzius
583 2349 685 2428 {uum
708 2373 803 2452 opus
824 2346 1044 2454 tripartitum
1059 2353 1261 2429 concinnu-

176 2455 233 2528 uit
260 2479 359 2532 anno
381 2460 555 2534 MDXIV.
584 2459 645 2556 ()
716 2473 719 2480 ’

249 2669 306 2750 'A
336 2671 373 2754 C.
404 2692 517 2770 1017.
549 2667 664 2776 Steplu
694 2667 1013 2773 17.lod.'15.P.
1041 2671 1189 2768 21‚A.

278 2883 381 2958 LXX.
424 2883 476 2956 Vt
498 2878 733 2956 saluberrimis
754 2877 915 2982 legibus,
947 2884 998 2956 ita
1023 2868 1107 2956 viris'
1131 2877 1260 2958 sauffis

174 2983 455 3088 [iustorumque
473 2985 633 3087 reliquiis
653 2989 876 3088 Hungan'am
903 2980 1041 3062 sanssus
1072 3009 1134 3062 rex
1158 3011 1263 3062 com·

174 3095 411 3188 muniturus,
438 3095 472 3168 S.
498 3089 717 3186 Colomani,
744 3093 809 3192 qui
832 3090 950 3168 caesus
975 3095 1014 3166 in
1030 3088 1172 3166 Austria
1187 3092 1262 3167 fuit

180 3218 278 3274 anno
313 3217 426 3272 1012.
453 3217 587 3296 corpus
613 3197 651 3270 in
680 3197 901 3296 Hungariam
935 3193 1058 3274 intulit
1068 3221 1081 3283 3
1121 3193 1182 3272 sed
1207 3199 1259 3272 ob

167 3297 400 3378 sterilitatem
429 3323 600 3413 agrorum
636 3297 823 3400 scquutam
856 3325 940 3380 norr‘
963 3301 1079 3379 multo
1103 3299 1184 3403 post
1208 3327 1266 3398 rc·

175 3401 372 3534 omui

284 3927 357 4001 2444
