2754 4306
296 151 391 182 ’·
514 143 869 290 κΕΜω
1023 157 1164 273 [40³

114 341 237 444 ·bris‚
252 347 356 450 feria
376 353 521 450 primu,
546 375 616 456 qua
640 370 826 430 cantatur:
856 350 954 444 „Da
970 369 1123 448 pacem,
1155 349 1221 422 do·
1356 409 1360 416 .

133 495 159 536 ‚,
187 453 331 528 mirre.“
357 453 417 530 seu
439 457 623 532 dominica
651 467 711 544 18.
737 456 816 556 post
837 453 1096 557 pentecosten,
1125 476 1220 554 quae

134 573 217 632 toto
243 580 432 661 tempore,
460 585 536 664 quo
562 559 648 639 Bela
674 564 788 660 vixit,
814 567 853 637 in
871 559 988 664 pridie
1013 557 1092 637 idus
1124 559 1223 635 Osio-

125 661 210 740 'brr'r
239 689 318 740 non
343 669 511 768 incidit„
531 687 783 769 praeterquam
817 689 916 745 anno
940 685 1066 760 1207.
1105 671 1223 740 Turo-

130 771 224 846 tzius
240 773 354 874 igitur
374 769 483 850 Belte
507 777 568 850 IV.
592 772 673 874 post
696 775 807 875 patris
836 775 983 848 obitum
1012 773 1220 846 coronatio·

130 896 217 952 nem
244 900 331 954 cum
357 882 426 960 bac
447 876 541 956 male
568 877 748 956 confudit.
778 879 838 981 ()

230 1089 419 1184 cetron.
445 1093 504 1189 st,
539 1095 642 1194 quoa
666 1074 914 1172 'verrnmrtter
948 1088 1216 1192 contestamus,

128 1197 218 1274 Besa
245 1197 413 1286 nondum
440 1197 568 1274 erasto
596 1197 676 1300 post
700 1203 929 1276 natiuitatem
948 1221 1044 1274 anno
1069 1223 1221 1275 corona·

131 1321 193 1376 tus
216 1299 285 1390 estj
312 1325 412 1378 rarus
436 1305 495 1379 hic
521 1307 668 1403 bonor,
695 1327 736 1381 vt
760 1327 831 1380 tres
850 1308 978 1380 ordine
1000 1327 1105 1407 reges
1120 1307 1221 1378 inau-

130 1431 259 1511 gurare
293 1403 427 1507 posset,
463 1413 616 1509 loanni,
663 1415 729 1512 qui
753 1413 933 1489 calanum
963 1409 1163 1486 aemulum.
1179 1413 1219 1486 in

107 1511 357 1614 adipiscenda
399 1517 637 1618 strigoniensi
672 1513 864 1618 metropoli
902 1517 1098 1624 babuerat,
1125 1518 1241 1592 obti··
1334 1550 1340 1561 1

127 1621 195 1721 git.
255 1613 325 1696 Vel
346 1615 405 1696 ille
426 1620 619 1698 consensus
645 1620 861 1724 eligentium
877 1619 980 1696 illum
1002 1619 1104 1696 facile
1132 1645 1220 1698 con·

129 1721 233 1800 uellit
260 1725 500 1825 calumniam,
527 1731 698 1802 Emerico
723 1751 901 1830 regnante
929 1728 976 1800 de
1010 1721 1215 1802 dosiiffimo
1279 1737 1287 1758 '
1355 1780 1358 1788 ·

128 1832 203 1907 hoc
223 1831 395 1932 episcopo
420 1830 441 1904 s
458 1833 589 1930 arsam,
616 1857 689 1934 qua
707 1829 949 1910 foedtffimum
965 1830 1121 1910 incestus
1151 1835 1218 1906 cri·

129 1959 218 2010 men
243 1938 361 2012 eidem
385 1857 651 2039 aflsngebatur,
678 1953 720 2013 a'r.
747 1935 844 2041 apud
865 1939 1139 2030 innocentium
1170 1939 1216 2014 ab

128 2045 300 2140 Emerico
325 2065 408 2117 reus
431 2044 614 2148 agebatur.
669 2044 740 2119 Etsi
766 2069 854 2123 vero
879 2039 1045 2146 pontifex
1074 2043 1215 2121 accusa-

129 2149 225 2232 tio'ni
246 2147 334 2222 huic
367 2147 478 2224 fidem
507 2174 586 2226 non
617 2151 810 2240 habuerim
837 2155 923 2258 quia
952 2169 1077 2225 tamen
1114 2149 1215 2226 Cala·

16 2313 17 2320 n
125 2277 216 2330 num
239 2225 580 2336 innocentensbon
605 2253 822 2347 declarauitt
848 2277 891 2334 vt
920 2252 1030 2332 talem
1059 2252 1214 2330 declara·

16 2411 18 2444 ,
109 2385 166 2436 -re
189 2355 323 2461 posset,
364 2365 623 2464 purgationem
651 2365 869 2448 canonicam
891 2365 937 2438 ab
964 2386 1011 2438 eo
1041 2365 1214 2463 recipien-

16 2535 18 2558 p
126 2469 213 2542 dam
237 2465 408 2568 episcopo
429 2467 658 2543 Tsanadiensr
686 2470 879 2544 commiss
934 2517 957 2554 „
971 2467 1210 2566 Venerabilis,
1286 2521 1289 2530 2

16 2653 18 2658 ,
127 2619 153 2668 „
180 2577 321 2678 inquit,
346 2571 409 2668 (b)
438 2572 547 2650 frater
572 2572 692 2676 noster
719 2577 758 2652 C.
782 2572 1059 2674 auinqueecles.
1079 2572 1212 2672 episco-

128 2723 156 2768 ‚‚
184 2701 276 2777 pus,
297 2675 401 2752 'suam
423 2676 550 2750 volens
579 2679 831 2752 innocentiam
855 2677 1120 2775 demonstrare,
1161 2677 1212 2754 fe·
1295 2743 1298 2758 .

119 2827 153 2878 ¹„
179 2785 232 2858 cit
242 2783 364 2858 mobis
392 2781 578 2856 humiliter
601 2780 809 2883 supplicari,
835 2803 877 2858 vt
903 2783 1006 2883 super
1032 2780 1092 2857 illa
1119 2801 1209 2858 nota

107 2905 153 2983 ¹3,
179 2885 333 2984 nefaria,
359 2909 434 2990 qua
453 2891 659 2988 excogitata
685 2885 888 2989 malignitas
921 2913 1006 2962 eum
1032 2887 1209 2964 inuidiosa

110 3087 111 3090 Ἴ
123 3042 149 3086 n
176 2990 355 3094 respexit,
381 2995 638 3095 purgationem
649 2995 809 3093 recipere
829 2993 935 3094 ipsrus
960 2997 1206 3095 dignaremus

123 3152 149 3192 „
180 3103 302 3186 Ouum
331 3097 442 3208 igittpr
476 3117 607 3176 contra
638 3123 724 3175 eum
755 3095 875 3174 nullus
902 3093 1075 3200 appareat
1104 3122 1211 3190 actu·
1247 3145 1248 3150 =
1319 3161 1322 3172 .

112 3251 149 3304 j,
176 3205 288 3293 sator3
314 3204 521 3280 discretioni
549 3202 685 3284 vestrae
711 3245 766 3266 -·-
791 3208 1036 3303 mandamus,
1079 3223 1207 3308 quate·

16 3369 17 3412 3
124 3363 150 3404 ,‚
179 3337 248 3389 nus
274 3311 549 3413 ‘competentem
576 3314 612 3386 ei
640 3301 766 3388 locum
797 3305 979 3412 affignetis
1015 3329 1055 3389 et
1081 3315 1206 3408 diem,
1278 3351 1281 3356 ·
1360 3321 1361 3328 ’

16 3477 18 3496 .
119 3473 146 3511 ,,
175 3421 213 3494 in
242 3433 317 3519 quo
338 3443 426 3494 turn
448 3418 593 3492 duobus
612 3417 789 3518 episcopis
816 3436 855 3494 et
874 3418 995 3516 trihus
1016 3417 1209 3494 abbatibus

16 3515 18 3576 l
121 3573 146 3614 „
174 3525 429 3625 purgationem
449 3519 834 3624 canonicampublice
851 3524 1032 3621 recipiatis
1050 3524 1096 3598 ab
1122 3521 1210 3624 ipso.
1251 3595 1261 3622 „

119 3637 151 3722 „¹
173 3667 224 3690 ·-
253 3671 307 3696 ·-
330 3633 423 3706 xllt
454 3627 525 3706 ital,
554 3627 620 3705 lui
646 3645 750 3734 pont.
775 3653 834 3706 an.
865 3631 994 3706 vntu
1048 3634 1131 3704 Hoc
1142 3651 1206 3705 ao·

16 3731 18 3762 ³
569 3735 613 3842 'C
637 3759 659 3811 c
683 3759 709 3813 2
1093 3762 1146 3840 no

162 3967 211 4051 (a)
233 3949 323 4107 iiim?
324 3969 377 4036 Cr.
398 3967 438 4033 Τ,
460 3967 500 4036 V·
521 3986 552 4052 p.
571 3983 707 4056 33-42.
731 3969 797 4052 pst)
810 3970 873 4054 Ap·
890 3965 1087 4054 11pr
1104 3969 1147 4038 Τ.
1160 3971 1206 4038 11.

16 3955 20 3990 r

16 4023 21 4080 s
