2754 4306
169 151 444 260 ...³86‚J
538 97 961 260 onrrnrcvs

191 329 339 428 irrupit,
366 343 487 421 etta,
514 349 608 425 quae
628 328 726 426 prius
740 328 926 428 Emericus
941 341 1280 422 occupauerat,re·

195 436 394 535 cuperauit.
445 429 499 508 llli
523 429 673 506 subinde
695 437 847 505 loannes
874 425 1100 530 capellarum,
1126 427 1188 502 sub
1206 431 1277 506 ini·

193 545 287 618 tium
305 538 524 638 Septembris
546 539 630 610 anni
654 535 840 636 superioris
863 537 994 610 eodem
1016 531 1204 634 appulsuS,
1227 537 1278 612 fa·

194 645 263 722 cile
279 641 468 744 persuasrt,
496 663 537 717 vt
555 665 682 716 ornnes
705 645 851 741 imperii
871 641 920 714 sui
952 660 1064 714 terras
1079 638 1191 713 sacris
1222 669 1280 718 ec·

194 749 315 828 clesrae
337 753 521 824 Romanae
548 748 685 820 iuribus
704 744 823 821 ediilo
847 743 993 846 publico
1014 745 1279 846 subiiceret.(a)

194 858 308 944 Dedit
341 853 465 954 postea
494 849 749 932 Caloloannes
775 853 819 926 ad
839 853 1096 931 Innocentium
1119 849 1281 948 litteras,

153 957 155 964 ’
198 963 344 1062 infignis
365 963 405 1032 in
429 955 531 1032 illum
561 956 807 1032 obseruantiae
832 954 980 1058 plenaS,
1007 961 1040 1030 ei
1069 981 1117 1032 ue
1129 979 1282 1032 contro·

199 1067 366 1162 uerfiam,
393 1089 504 1162 quarn
527 1065 573 1138 de
596 1059 771 1136 limitibus
795 1051 901 1166 regni
923 1086 1008 1136 cum
1033 983 1203 1138 {merim
1220 1067 1283 1138 ha·

167 1221 171 1228 -
203 1173 333 1266 bebat,
376 1170 613 1244 dirimendam
645 1159 835 1252 commillt.
901 1169 1172 1266 Innocentius,
1212 1171 1284 1272 piis

198 1277 370 1352 Ioannitii
393 1277 490 1348 votis
516 1297 658 1348 morem
677 1269 863 1374 gesturam,
890 1279 934 1350 ad
950 1271 1074 1372 illum,
1100 1277 1209 1376 regiis
1228 1277 1285 1347 in·

200 1382 355 1484 signibus
393 1381 620 1477 ornandum,
663 1381 828 1454 Leonem
864 1375 1080 1456 cardinalem
1120 1377 1284 1482 legatum

202 1485 303 1564 misit.
357 1481 551 1586 IpsrsMaii
568 1481 733 1564 kalendis
754 1488 800 1558 acl
822 1492 1014 1586 ilungaros
1032 1510 1182 1587 quoque
1205 1483 1281 1558 scri-

203 1592 292 1696 ps1t3
317 1609 358 1663 et
384 1589 485 1666 fimul
503 1593 676 1692 gaudium
696 1591 743 1664 de
764 1593 886 1665 reditu
907 1587 1144 1693 Bulgarorum
1161 1595 1209 1664 ad
1226 1611 1285 1666 ec·
1358 1583 1359 1596 ἦ

150 1726 154 1731 ’
203 1697 339 1776 tlefiam
358 1701 558 1773 Romanam
577 1699 620 1771 ils
644 1699 901 1794 annunciauit,
929 1693 1029 1770 limul
1049 1700 1220 1772 eumdem
1236 1693 1285 1770 lc·

205 1823 330 1910 gutum
365 1805 578 1878 eorumdem
620 1799 818 1876 liberalitati
852 1825 1072 1902 magnopere
1099 1823 1285 1877 tommen-

208 1912 320 1987 dault.
348 1905 407 2004 (b)
433 1913 512 1982 Leo
544 1905 752 2010 cardinalis,
779 1911 919 2010 magnis
941 1911 981 1980 in
1002 1912 1188 2020 Hpagaria
1222 1907 1287 1979 bo·

192 2017 358 2116 ‘poribus
381 2011 563 2110 excultor,
589 2013 768 2112 reliquum
790 2017 857 2090 iter
882 2013 1044 2116 persequi
1067 2009 1232 2109 volebat,
1249 2027 1288 2084 et

208 2124 353 2196 iamiam
380 2122 419 2192 in
444 2119 649 2220 Bulgariam
678 2121 905 2216 transrturus,
947 2123 992 2192 ad
1022 2123 1128 2218 regni
1155 2117 1288 2192 limites
1358 2139 1359 2142 ’

214 2242 449 2326 perueneratr
469 2249 605 2323 quum,
623 2216 730 2296 misfis
753 2227 795 2297 ab
809 2229 977 2299 Emerico
994 2228 1158 2324 nunciis,
1176 2243 1292 2297 trans-
1358 2261 1359 2272 κ

212 2333 270 2404 itu
302 2345 453 2426 repente
480 2331 704 2427 prohibitus,
729 2352 781 2419 ac,
797 2333 833 2404 in
861 2332 983 2404 vicino
1007 2335 1212 2434 Hungariae
1236 2351 1294 2401 ta·

216 2435 286 2509 stro
308 2435 345 2505 vi
364 2449 526 2508 retentus
551 2434 612 2512 est.
662 2438 918 2534 Innocentius,
946 2438 1069 2510 audita
1105 2439 1172 2510 hac
1200 2435 1294 2506 iniu-
1358 2431 1359 2434 ’

215 2543 290 2638 ria,
317 2533 437 2644 legato
461 2535 523 2612 suo
553 2559 694 2638 praeter
728 2545 947 2640 opinionem
974 2537 1097 2638 illata,
1119 2539 1298 2642 grauiori-

219 2649 284 2720 bus
300 2641 428 2720 litteris
441 2648 651 2720 Emericum
679 2643 902 2746 perstrinxit,
929 2665 967 2720 et
988 2644 1066 2747 post
1085 2648 1297 2725 historicam

216 2755 267 2830 rei
287 2751 551 2846 narrationem,
579 2751 624 2824 fic
641 2749 875 2828 exclamauit:
905 2761 960 2851 (c)
990 2793 1072 2844 n·-
1081 2753 1184 2826 Heu!
1202 2749 1299 2824 heu!

217 2909 243 2950 ,‚
271 2853 322 2930 fili
347 2849 542 2954 cariffime,
567 2857 628 2930 vbi
655 2855 705 2930 est
725 2862 823 2958 regia
840 2852 1058 2935 clementia?
1084 2859 1147 2931 vbi
1163 2855 1297 2957 religio

191 3011 244 3050 -,‚
273 2959 491 3036 Christiana?
524 2961 588 3034 vbi
621 2959 778 3060 specialis
809 2966 984 3060 deuotio,
1020 2989 1130 3066 quam
1153 2961 1199 3036 ad
1227 2981 1298 3034 nos

222 3119 248 3163 „
276 3085 312 3142 et
334 3073 441 3141 Rom.
468 3061 650 3142 ecclesram
669 3071 880 3167 praedicaris
908 3071 1060 3146 babere?
1088 3109 1142 3126 -
1167 3073 1300 3141 Pareat

188 3231 191 3238 ,
221 3218 247 3259 ,,
273 3175 383 3276 igitur
409 3167 463 3246 eis¹
479 3175 628 3270 DNS,
663 3177 728 3276 qui
753 3176 915 3263 animum
940 3193 1045 3250 tuum
1073 3197 1146 3250 tam
1179 3195 1297 3272 prauo

223 3335 248 3370 „
275 3277 421 3353 condio
455 3277 688 3373 seduxerunt,
715 3277 921 3380 volentibus
955 3285 1048 3356 inter
1077 3302 1234 3382 regnum
1269 3293 1310 3350 et
1358 3293 1359 3354 ἴ

224 3429 250 3474 ‚,
277 3383 514 3458 sacerdotium
531 3384 747 3484 discordiam
761 3383 945 3460 seminare.
973 3421 1026 3448 -ι-
1051 3390 1181 3462 Mitius
1193 3385 1312 3459 etiarn

174 3575 176 3580 ¹
227 3535 251 3575 ‚‚
278 3511 320 3564 ac
349 3491 538 3589 benignius
559 3483 631 3563 ‘tibi
660 3485 866 3584 scribimus,
893 3514 1004 3592 quam
1032 3493 1166 3567 instans
1189 3511 1314 3566 mate·
1358 3559 1359 3602 ,

225 3649 250 3689 ,‚
278 3600 329 3670 ria
354 3591 570 3698 postularetr
596 3627 650 3650 -
676 3597 761 3694 quia
780 3593 892 3672 multa
916 3595 1104 3698 gestasunt
1123 3615 1316 3696 etgerun·
1358 3603 1359 3692 Τ

1139 3755 1164 3796 „
1192 3721 1258 3774 tur

227 3850 800 3876 mm—

191 3941 193 3948 ’
265 3924 316 4002 (α)
339 3919 411 3980 lbid·
435 3921 474 3980 ad
492 3939 540 3984 an.
564 3945 654 4005 ιω.
682 3929 722 3991 N.
745 3927 855 4006 xxix.
899 3931 946 4011 (r)
970 3935 1030 4015 ap.
1046 3929 1147 3994 naun.
1160 3933 1198 3994 τ.
1213 3929 1264 3992 n.
1285 3955 1317 4017 p.

325 4023 394 4090 rra·
436 4005 484 4106 (ε)
506 4005 947 4094 Ar·1nnoc.1..v11.ep.1rr.
1044 4082 1047 4090 Δ
