2738 4304
513 164 784 320 “REXI.
913 164 927 261 s
1114 167 1185 308 93·

135 393 209 479 pes
228 373 446 452 Christianos
466 375 614 474 docuit,
640 375 815 478 inignem
832 378 928 453 vitae
950 372 1220 460 sanbiimoniam

140 503 232 558 cum
251 485 369 556 arduis
390 485 478 583 reip.
507 485 601 558 curis
626 488 766 584 optime
792 487 977 584 coniungi.
1028 483 1099 562 Aa
1127 485 1222 590 exse·

145 591 431 694 qaiasfanerir,
469 589 637 664 eiusdem
674 587 867 664 carthuitii
896 591 1005 664 verba
1036 590 1135 688 sunt,
1176 619 1222 671 en

143 691 308 770 omnibus
338 692 538 772 Pannoniae
587 695 684 802 bagis
721 700 952 772 concurritur.
1024 695 1151 800 Corpus
1177 699 1228 780 ab
1347 767 1348 774 ,

134 796 258 901 sedem
282 799 461 908 regalem,
500 713 635 878 Arban
657 799 815 878 uidelicet
841 806 1049 901 ciuitatem,
1092 801 1226 884 deduci-

143 927 219 984 tnr.
273 907 325 982 Ec
340 913 503 1011 quoniam
520 905 652 1006 eccbessa
668 903 875 1005 beatifflmne
891 912 1049 1013 uirginis
1058 967 1069 1006 ,
1096 908 1143 984 ab
1158 905 1228 1014 ipsi

147 1009 360 1116 constr-recia,
387 1009 537 1090 nondum
562 1035 639 1090 crat
662 1009 849 1104 dedicata}
876 1021 999 1090 meritc
1014 1011 1150 1116 constitu
1158 1017 1231 1120 sta·

148 1138 247 1198 tuere
264 1115 469 1222 pontifices,
489 1123 591 1222 prins
621 1114 797 1218 bafilicam
819 1113 1062 1220 stenbiifieare,
1109 1119 1230 1200 deinde

151 1242 275 1328 corpas
303 1247 418 1302 terrae
442 1223 687 1304 comenendare.
740 1223 894 1322 Perfeii‘a
913 1219 1141 1304 dedicationis
1160 1223 1231 1329 fial-
1277 1225 1282 1247 '

121 1329 359 1428 braunate,
385 1325 676 1434 corputsanbirenr
701 1331 739 1406 in
770 1328 878 1406 aredio
912 1327 1030 1408 domus
1043 1329 1231 1437 scartopba·

151 1461 200 1542 ge
226 1435 375 1514 candidi
392 1443 577 1514 marannis
601 1441 791 1538 imponitur
803 1461 820 1526 ;
845 1433 909 1511 vbi
927 1454 994 1538 per
1028 1463 1138 1515 annot
1156 1441 1234 1546 plo·

156 1563 214 1620 res
248 1539 406 1620 bominac
437 1561 502 1643 per
538 1539 644 1644 cpfins
673 1548 799 1618 merita
827 1540 977 1640 monis,
1018 1545 1257 1625 incommoda·
1317 1632 1323 1644 Ι

145 1643 393 1750 patientibus,
407 1643 724 1747 febricitantibus,
762 1641 978 1747 afflibiionera
1003 1645 1235 1749 &neustriam

142 1745 254 1854 fitam
277 1749 574 1856 proclamantibus
591 1749 824 1856 iudicimaqae
841 1752 1089 1854 portantibus,
1115 1753 1237 1862 benefil

160 1882 218 1935 tra
241 1857 421 1962 praestitit
454 1863 647 1937 innumera.
713 1859 844 1934 Cetera
875 1860 1060 1956 pertinent
1079 1865 1123 1936 ad
1153 1887 1238 1966 apo·

161 1961 338 2062 theofim,
358 1987 456 2078 ,quae
476 1965 538 2038 iub
557 1971 591 2040 S.
614 1961 780 2040 Ladisiao
810 1959 951 2062 perucia
973 1963 1053 2040 fuit.
1080 1961 1141 2063 (a)
1214 2019 1234 2042 .·

257 2179 458 2254 LXXXVII.
485 2181 622 2254 Mirum
641 2173 714 2276 est,
741 2177 1011 2276 carthuitium,
1025 2172 1240 2282 scriptorem

158 2281 247 2360 alias
272 2277 595 2382 accuratiiiimunr,
636 2281 746 2384 figere
771 2279 878 2358 sanun
905 2287 1000 2383 regis
1024 2284 1166 2360 obitum
1195 2287 1243 2362 ad

167 2413 308 2466 annum
340 2410 453 2487 1034.
507 2393 576 2466 Sed
595 2391 694 2466 hunc
722 2413 793 2490 ego
821 2389 898 2462 hon
923 2408 998 2464 tarn
1025 2388 1240 2490 carthuitii,

160 2521 277 2596 quarn
293 2491 427 2570 librarii
446 2493 602 2596 suspicor
626 2520 786 2571 errorem
812 2493 901 2590 eiie,
927 2499 992 2595 qui
1016 2519 1132 2596 quum
1165 2497 1243 2574 nos·

110 2667 117 2690 ,
163 2601 238 2702 set,
265 2605 300 2678 S.
340 2604 566 2704 Stephanum
603 2598 785 2703 praefuisse
820 2603 1001 2700 {iungaris
1031 2626 1147 2677 annos
1179 2617 1242 2700 38.

161 2707 343 2808 suumque
372 2711 614 2810 principatum
630 2707 766 2784 iniuui‘e
790 2705 871 2810 post
895 2706 1017 2783 Geisae
1040 2713 1152 2808 patris
1167 2714 1244 2786 obi·

166 2833 249 2888 turn
278 2835 377 2888 anno
413 2833 504 2912 997.
541 2815 629 2892 hinc
659 2817 883 2894 uutnetando
910 2817 1132 2916 principatus
1167 2821 1245 2892 eiua

167 2941 285 3024 annos
311 2929 373 3018 38.
399 2917 575 2996 aeduum
594 2921 646 2999 est
668 2928 718 2996 ad
748 2945 885 2996 annum
910 2941 1023 3021 1034.
1049 2925 1245 2998 Turotz'nrs

165 3045 307 3103 annum
337 3026 485 3123 Christi,
511 3051 588 3102 non
617 3027 706 3102 item
731 3031 860 3127 regni,
902 3029 994 3100 bene
1021 3025 1246 3130 confignau'rt

166 3133 209 3204 in
232 3135 323 3208 haec
355 3134 487 3208 verba:
513 3127 573 3231 (b)
617 3131 751 3216 Beatus
780 3151 896 3206 aretem
932 3157 999 3206 rex
1031 3131 1248 3234 Stephanus,

155 3227 354 3338 strenuitate
374 3260 422 3316 =et
448 3244 573 3347 gratia
598 3239 741 3340 plener,
758 3231 949 3336 secundant
987 3239 1150 3342 quosdam
1182 3249 1249 3334 46.

155 3339 351 3444 secandam
372 3365 488 3424 antem
512 3341 698 3446 historiae,
725 3347 764 3420 in
785 3339 931 3420 eiusdem
954 3341 1089 3424 laudern
1117 3342 1164 3421 ab
1199 3367 1248 3420 ec·

169 3447 221 3524 cle
234 3477 272 3524 ra
295 3445 429 3546 editae,
473 3457 680 3548 ueritatem,
719 3469 778 3548 37.
797 3442 860 3546 stri
888 3455 1017 3556 regnip
1056 3452 1249 3530 dominicae

169 3575 288 3632 antem
308 3562 442 3646 incarn.
466 3569 577 3653 1038.
601 3581 691 3634 anno
703 3615 714 3654 ,
741 3561 780 3632 'in
797 3547 890 3656 festo
916 3553 1147 3662 affiemtionis,
1168 3553 1249 3634 Bit.

169 3657 542 3770 MARIAEsnnper
559 3655 737 3772 virginis,
756 3690 779 3738 a
787 3655 967 3764 praesenti
970 3660 1086 3768 seculo
1101 3683 1250 3767 nequam

356 3823 364 3839 ,
1136 3793 1202 3845 ere·
1241 3817 1246 3826 ·

217 4005 269 4089 (a)
285 4001 365 4066 iiiii·
380 3999 459 4068 cnr.
475 3999 515 4071 R.
527 4005 565 4066 Τ.
582 4003 608 4066 Ι.
620 3993 649 4088 p.
663 4015 842 4086 451-457·
884 3995 933 4080 (b)
953 3997 1106 4064 Chranffl·
1117 3997 1166 4074 ii.
1185 4013 1249 4081 cap.

276 4107 327 4172 tt·
428 4157 432 4164 .
