<?xml version="1.0" encoding="UTF-8"?>
<!DOCTYPE html PUBLIC "-//W3C//DTD XHTML 1.0 Transitional//EN"
    "http://www.w3.org/TR/xhtml1/DTD/xhtml1-transitional.dtd">
<html xmlns="http://www.w3.org/1999/xhtml" xml:lang="en" lang="en">
 <head>
  <title>
</title>
<meta http-equiv="Content-Type" content="text/html;charset=utf-8" />
  <meta name='ocr-system' content='tesseract 3.04.00' />
  <meta name='ocr-capabilities' content='ocr_page ocr_carea ocr_par ocr_line ocrx_word'/>
</head>
<body>
  <div class='ocr_page' id='page_1' title='image "./epitomechronolo01katogoog_0231.png"; bbox 0 0 2800 4304; ppageno 0'>
   <div class='ocr_carea' id='block_1_1' title="bbox 215 214 1099 330">
    <p class='ocr_par' dir='ltr' id='par_1_1' title="bbox 215 214 1099 330">
     <span class='ocr_line' id='line_1_1' title="bbox 215 214 1099 330; baseline -0.011 -34"><span class='ocrx_word' id='word_1_1' title='bbox 215 225 320 317; x_wconf 67' lang='lat' dir='ltr'>·m6</span> <span class='ocrx_word' id='word_1_2' title='bbox 476 214 1099 330; x_wconf 20' lang='lat' dir='ltr'>coronante..</span> 
     </span>
    </p>
   </div>
   <div class='ocr_carea' id='block_1_2' title="bbox 186 378 1270 489">
    <p class='ocr_par' dir='ltr' id='par_1_2' title="bbox 186 378 1270 489">
     <span class='ocr_line' id='line_1_2' title="bbox 186 378 1270 489; baseline -0.004 -27"><span class='ocrx_word' id='word_1_3' title='bbox 186 411 259 489; x_wconf 89' lang='lat' dir='ltr'>que</span> <span class='ocrx_word' id='word_1_4' title='bbox 283 409 353 487; x_wconf 88' lang='lat' dir='ltr'>pax</span> <span class='ocrx_word' id='word_1_5' title='bbox 379 401 417 458; x_wconf 89' lang='lat' dir='ltr'>et</span> <span class='ocrx_word' id='word_1_6' title='bbox 439 381 630 484; x_wconf 80' lang='lat' dir='ltr'>securitas,</span> <span class='ocrx_word' id='word_1_7' title='bbox 658 385 721 458; x_wconf 85' lang='lat' dir='ltr'>nisr</span> <span class='ocrx_word' id='word_1_8' title='bbox 752 384 961 482; x_wconf 88' lang='lat' dir='ltr'>seueritate,</span> <span class='ocrx_word' id='word_1_9' title='bbox 985 378 1170 458; x_wconf 86' lang='lat' dir='ltr'>conciliari</span> <span class='ocrx_word' id='word_1_10' title='bbox 1205 405 1270 485; x_wconf 86' lang='lat' dir='ltr'>po·</span> 
     </span>
    </p>
   </div>
   <div class='ocr_carea' id='block_1_3' title="bbox 187 487 1390 594">
    <p class='ocr_par' dir='ltr' id='par_1_3' title="bbox 187 487 1390 594">
     <span class='ocr_line' id='line_1_3' title="bbox 187 487 1390 594; baseline -0.006 -28"><span class='ocrx_word' id='word_1_11' title='bbox 187 498 267 567; x_wconf 88' lang='lat' dir='ltr'>tuit.</span> <span class='ocrx_word' id='word_1_12' title='bbox 319 494 390 566; x_wconf 88' lang='lat' dir='ltr'>Vix</span> <span class='ocrx_word' id='word_1_13' title='bbox 410 493 514 564; x_wconf 84' lang='lat' dir='ltr'>enim</span> <span class='ocrx_word' id='word_1_14' title='bbox 543 495 641 566; x_wconf 87' lang='lat' dir='ltr'>credi</span> <span class='ocrx_word' id='word_1_15' title='bbox 665 489 803 591; x_wconf 86' lang='lat' dir='ltr'>potest,</span> <span class='ocrx_word' id='word_1_16' title='bbox 831 491 1096 594; x_wconf 82' lang='lat' dir='ltr'>Colomanum‚</span> <span class='ocrx_word' id='word_1_17' title='bbox 1124 487 1189 588; x_wconf 88' lang='lat' dir='ltr'>qui</span> <span class='ocrx_word' id='word_1_18' title='bbox 1212 505 1268 562; x_wconf 91' lang='lat' dir='ltr'>to·</span> <span class='ocrx_word' id='word_1_19' title='bbox 1389 499 1390 526; x_wconf 71' lang='lat'>³</span> 
     </span>
    </p>
   </div>
   <div class='ocr_carea' id='block_1_4' title="bbox 182 593 1269 1227">
    <p class='ocr_par' dir='ltr' id='par_1_4' title="bbox 182 593 1269 1227">
     <span class='ocr_line' id='line_1_4' title="bbox 188 593 1266 700; baseline -0.003 -27"><span class='ocrx_word' id='word_1_20' title='bbox 188 593 457 692; x_wconf 62' lang='lat' dir='ltr'>tiernlmum,</span> <span class='ocrx_word' id='word_1_21' title='bbox 483 595 570 671; x_wconf 88' lang='lat' dir='ltr'>licet</span> <span class='ocrx_word' id='word_1_22' title='bbox 588 599 754 700; x_wconf 86' lang='lat' dir='ltr'>grauiora</span> <span class='ocrx_word' id='word_1_23' title='bbox 769 600 965 692; x_wconf 86' lang='lat' dir='ltr'>meritum,</span> <span class='ocrx_word' id='word_1_24' title='bbox 984 597 1022 668; x_wconf 89' lang='lat' dir='ltr'>in</span> <span class='ocrx_word' id='word_1_25' title='bbox 1039 595 1189 694; x_wconf 81' lang='lat' dir='ltr'>gratiam</span> <span class='ocrx_word' id='word_1_26' title='bbox 1208 595 1266 678; x_wconf 86' lang='lat' dir='ltr'>be·</span> 
     </span>
     <span class='ocr_line' id='line_1_5' title="bbox 188 698 1266 815; baseline -0.002 -39"><span class='ocrx_word' id='word_1_27' title='bbox 188 698 393 806; x_wconf 82' lang='lat' dir='ltr'>nignifflme</span> <span class='ocrx_word' id='word_1_28' title='bbox 414 706 578 815; x_wconf 15' lang='lat' dir='ltr'>precepit,</span> <span class='ocrx_word' id='word_1_29' title='bbox 605 726 682 778; x_wconf 90' lang='lat' dir='ltr'>tam</span> <span class='ocrx_word' id='word_1_30' title='bbox 707 700 852 780; x_wconf 86' lang='lat' dir='ltr'>crudele</span> <span class='ocrx_word' id='word_1_31' title='bbox 870 699 1084 804; x_wconf 85' lang='lat' dir='ltr'>supplicium</span> <span class='ocrx_word' id='word_1_32' title='bbox 1106 703 1147 772; x_wconf 91' lang='lat' dir='ltr'>in</span> <span class='ocrx_word' id='word_1_33' title='bbox 1168 723 1266 774; x_wconf 91' lang='lat' dir='ltr'>eum·</span> 
     </span>
     <span class='ocr_line' id='line_1_6' title="bbox 186 805 1269 903; baseline -0.002 -20"><span class='ocrx_word' id='word_1_34' title='bbox 186 811 270 884; x_wconf 89' lang='lat' dir='ltr'>dem</span> <span class='ocrx_word' id='word_1_35' title='bbox 300 809 532 883; x_wconf 89' lang='lat' dir='ltr'>decreturum</span> <span class='ocrx_word' id='word_1_36' title='bbox 559 805 658 882; x_wconf 77' lang='lat' dir='ltr'>fuine</span> <span class='ocrx_word' id='word_1_37' title='bbox 665 833 679 894; x_wconf 74' lang='lat'>3</span> <span class='ocrx_word' id='word_1_38' title='bbox 707 809 769 882; x_wconf 88' lang='lat' dir='ltr'>nisr</span> <span class='ocrx_word' id='word_1_39' title='bbox 794 811 868 882; x_wconf 88' lang='lat' dir='ltr'>dux</span> <span class='ocrx_word' id='word_1_40' title='bbox 892 807 1040 903; x_wconf 76' lang='lat' dir='ltr'>infelix,</span> <span class='ocrx_word' id='word_1_41' title='bbox 1069 825 1184 878; x_wconf 80' lang='lat' dir='ltr'>nouas</span> <span class='ocrx_word' id='word_1_42' title='bbox 1201 809 1269 881; x_wconf 90' lang='lat' dir='ltr'>ite·</span> 
     </span>
     <span class='ocr_line' id='line_1_7' title="bbox 182 909 1267 1018; baseline -0.001 -29"><span class='ocrx_word' id='word_1_43' title='bbox 182 937 265 989; x_wconf 79' lang='lat' dir='ltr'>cum</span> <span class='ocrx_word' id='word_1_44' title='bbox 289 939 345 990; x_wconf 88' lang='lat' dir='ltr'>res</span> <span class='ocrx_word' id='word_1_45' title='bbox 370 911 540 1012; x_wconf 87' lang='lat' dir='ltr'>molitus,</span> <span class='ocrx_word' id='word_1_46' title='bbox 567 935 718 988; x_wconf 90' lang='lat' dir='ltr'>omnem</span> <span class='ocrx_word' id='word_1_47' title='bbox 743 913 795 988; x_wconf 87' lang='lat' dir='ltr'>sui</span> <span class='ocrx_word' id='word_1_48' title='bbox 824 915 1028 1018; x_wconf 85' lang='lat' dir='ltr'>corrigendi</span> <span class='ocrx_word' id='word_1_49' title='bbox 1059 909 1158 1010; x_wconf 90' lang='lat' dir='ltr'>spem</span> <span class='ocrx_word' id='word_1_50' title='bbox 1196 909 1267 988; x_wconf 87' lang='lat' dir='ltr'>sus·</span> 
     </span>
     <span class='ocr_line' id='line_1_8' title="bbox 185 1017 1265 1120; baseline 0 -26"><span class='ocrx_word' id='word_1_51' title='bbox 185 1017 326 1097; x_wconf 87' lang='lat' dir='ltr'>tulisset.</span> <span class='ocrx_word' id='word_1_52' title='bbox 388 1017 564 1120; x_wconf 82' lang='lat' dir='ltr'>Tandem,</span> <span class='ocrx_word' id='word_1_53' title='bbox 590 1023 710 1120; x_wconf 89' lang='lat' dir='ltr'>inquit</span> <span class='ocrx_word' id='word_1_54' title='bbox 736 1025 954 1120; x_wconf 86' lang='lat' dir='ltr'>Turotzius‚</span> <span class='ocrx_word' id='word_1_55' title='bbox 981 1024 1040 1118; x_wconf 84' lang='lat' dir='ltr'>(a)</span> <span class='ocrx_word' id='word_1_56' title='bbox 1076 1041 1141 1091; x_wconf 84' lang='lat' dir='ltr'>rex</span> <span class='ocrx_word' id='word_1_57' title='bbox 1172 1023 1265 1120; x_wconf 80' lang='lat' dir='ltr'><em>cepit</em></span> 
     </span>
     <span class='ocr_line' id='line_1_9' title="bbox 184 1119 1264 1227; baseline -0.002 -25"><span class='ocrx_word' id='word_1_58' title='bbox 184 1125 303 1202; x_wconf 83' lang='lat' dir='ltr'>ducem</span> <span class='ocrx_word' id='word_1_59' title='bbox 325 1147 359 1206; x_wconf 85' lang='lat' dir='ltr'>et</span> <span class='ocrx_word' id='word_1_60' title='bbox 374 1120 492 1226; x_wconf 79' lang='lat' dir='ltr'>filium</span> <span class='ocrx_word' id='word_1_61' title='bbox 523 1133 623 1224; x_wconf 70' lang='lat' dir='ltr'>eius,</span> <span class='ocrx_word' id='word_1_62' title='bbox 641 1123 763 1203; x_wconf 74' lang='lat' dir='ltr'>Belem</span> <span class='ocrx_word' id='word_1_63' title='bbox 785 1126 1021 1227; x_wconf 63' lang='lat' dir='ltr'>inflandum,</span> <span class='ocrx_word' id='word_1_64' title='bbox 1048 1141 1082 1200; x_wconf 85' lang='lat' dir='ltr'>et</span> <span class='ocrx_word' id='word_1_65' title='bbox 1107 1119 1264 1208; x_wconf 81' lang='lat' dir='ltr'>obcaeca-</span> 
     </span>
    </p>
   </div>
   <div class='ocr_carea' id='block_1_5' title="bbox 185 1227 1391 1344">
    <p class='ocr_par' dir='ltr' id='par_1_5' title="bbox 185 1227 1391 1344">
     <span class='ocr_line' id='line_1_10' title="bbox 185 1227 1391 1344; baseline -0.002 -38"><span class='ocrx_word' id='word_1_66' title='bbox 185 1235 241 1308; x_wconf 76' lang='lat' dir='ltr'>uit</span> <span class='ocrx_word' id='word_1_67' title='bbox 268 1255 330 1308; x_wconf 86' lang='lat' dir='ltr'>eos.</span> <span class='ocrx_word' id='word_1_68' title='bbox 358 1269 409 1289; x_wconf 94' lang='grc'><strong>-</strong></span> <span class='ocrx_word' id='word_1_69' title='bbox 435 1227 573 1308; x_wconf 65' lang='lat' dir='ltr'>Draus</span> <span class='ocrx_word' id='word_1_70' title='bbox 596 1227 642 1332; x_wconf 80' lang='lat' dir='ltr'>est</span> <span class='ocrx_word' id='word_1_71' title='bbox 669 1251 785 1310; x_wconf 84' lang='lat' dir='ltr'>autem</span> <span class='ocrx_word' id='word_1_72' title='bbox 812 1231 888 1310; x_wconf 81' lang='lat' dir='ltr'>dux</span> <span class='ocrx_word' id='word_1_73' title='bbox 916 1233 1045 1309; x_wconf 83' lang='lat' dir='ltr'><em>Almus</em></span> <span class='ocrx_word' id='word_1_74' title='bbox 1072 1234 1112 1306; x_wconf 82' lang='lat' dir='ltr'>in</span> <span class='ocrx_word' id='word_1_75' title='bbox 1148 1254 1266 1306; x_wconf 78' lang='lat' dir='ltr'>naono·</span> <span class='ocrx_word' id='word_1_76' title='bbox 1390 1333 1391 1344; x_wconf 13' lang='grc' dir='ltr'><strong><em>Ν</em></strong></span> 
     </span>
    </p>
   </div>
   <div class='ocr_carea' id='block_1_6' title="bbox 119 1331 1302 3878">
    <p class='ocr_par' dir='ltr' id='par_1_6' title="bbox 119 1331 1302 3771">
     <span class='ocr_line' id='line_1_11' title="bbox 176 1331 1264 1438; baseline -0.003 -28"><span class='ocrx_word' id='word_1_77' title='bbox 176 1331 325 1438; x_wconf 77' lang='lat' dir='ltr'>sterium</span> <span class='ocrx_word' id='word_1_78' title='bbox 338 1331 444 1434; x_wconf 76' lang='lat' dir='ltr'>strum</span> <span class='ocrx_word' id='word_1_79' title='bbox 468 1341 506 1412; x_wconf 80' lang='lat' dir='ltr'>in</span> <span class='ocrx_word' id='word_1_80' title='bbox 535 1333 674 1416; x_wconf 78' lang='lat' dir='ltr'>Damas.</span> <span class='ocrx_word' id='word_1_81' title='bbox 728 1340 974 1422; x_wconf 84' lang='lat' dir='ltr'>Inhumanum</span> <span class='ocrx_word' id='word_1_82' title='bbox 1015 1337 1088 1410; x_wconf 93' lang='lat' dir='ltr'>hoc</span> <span class='ocrx_word' id='word_1_83' title='bbox 1126 1331 1264 1418; x_wconf 83' lang='lat' dir='ltr'>facinus</span> 
     </span>
     <span class='ocr_line' id='line_1_12' title="bbox 188 1434 1264 1547; baseline -0.002 -31"><span class='ocrx_word' id='word_1_84' title='bbox 188 1465 268 1516; x_wconf 85' lang='lat' dir='ltr'>eam</span> <span class='ocrx_word' id='word_1_85' title='bbox 297 1441 501 1517; x_wconf 86' lang='lat' dir='ltr'>Coiomano</span> <span class='ocrx_word' id='word_1_86' title='bbox 524 1434 644 1518; x_wconf 78' lang='lat' dir='ltr'>labem</span> <span class='ocrx_word' id='word_1_87' title='bbox 668 1442 832 1547; x_wconf 79' lang='lat' dir='ltr'>aspersit,</span> <span class='ocrx_word' id='word_1_88' title='bbox 857 1463 899 1520; x_wconf 88' lang='lat' dir='ltr'>vt</span> <span class='ocrx_word' id='word_1_89' title='bbox 925 1445 969 1520; x_wconf 92' lang='lat' dir='ltr'>ab</span> <span class='ocrx_word' id='word_1_90' title='bbox 998 1463 1074 1520; x_wconf 82' lang='lat' dir='ltr'>vno</span> <span class='ocrx_word' id='word_1_91' title='bbox 1106 1441 1178 1514; x_wconf 88' lang='lat' dir='ltr'>hoc</span> <span class='ocrx_word' id='word_1_92' title='bbox 1197 1434 1264 1536; x_wconf 25' lang='lat' dir='ltr'>‘fa-</span> 
     </span>
     <span class='ocr_line' id='line_1_13' title="bbox 187 1542 1262 1653; baseline 0 -35"><span class='ocrx_word' id='word_1_93' title='bbox 187 1542 248 1620; x_wconf 78' lang='grc' dir='ltr'>ἃο</span> <span class='ocrx_word' id='word_1_94' title='bbox 278 1543 428 1646; x_wconf 79' lang='lat' dir='ltr'>passim,</span> <span class='ocrx_word' id='word_1_95' title='bbox 455 1566 497 1621; x_wconf 88' lang='lat' dir='ltr'>vt</span> <span class='ocrx_word' id='word_1_96' title='bbox 519 1567 716 1650; x_wconf 87' lang='lat' dir='ltr'>tyrannus,</span> <span class='ocrx_word' id='word_1_97' title='bbox 742 1576 763 1627; x_wconf 93' lang='lat' dir='ltr'>a</span> <span class='ocrx_word' id='word_1_98' title='bbox 789 1549 1016 1653; x_wconf 84' lang='lat' dir='ltr'><strong>scriptoribus</strong></span> <span class='ocrx_word' id='word_1_99' title='bbox 1033 1548 1262 1620; x_wconf 74' lang='lat' dir='ltr'>traducatur.</span> 
     </span>
     <span class='ocr_line' id='line_1_14' title="bbox 189 1646 1265 1756; baseline -0.004 -28"><span class='ocrx_word' id='word_1_100' title='bbox 189 1653 361 1730; x_wconf 83' lang='lat' dir='ltr'>Ceterum</span> <span class='ocrx_word' id='word_1_101' title='bbox 389 1661 598 1729; x_wconf 86' lang='lat' dir='ltr'>communis</span> <span class='ocrx_word' id='word_1_102' title='bbox 626 1657 715 1731; x_wconf 89' lang='lat' dir='ltr'>haec</span> <span class='ocrx_word' id='word_1_103' title='bbox 743 1659 850 1730; x_wconf 89' lang='lat' dir='ltr'>etiam</span> <span class='ocrx_word' id='word_1_104' title='bbox 882 1656 978 1756; x_wconf 91' lang='lat' dir='ltr'>apud</span> <span class='ocrx_word' id='word_1_105' title='bbox 1008 1646 1172 1728; x_wconf 67' lang='lat' dir='ltr'>Graecos&#39;</span> <span class='ocrx_word' id='word_1_106' title='bbox 1200 1675 1265 1729; x_wconf 81' lang='lat' dir='ltr'>‚eo-</span> 
     </span>
     <span class='ocr_line' id='line_1_15' title="bbox 184 1753 1263 1863; baseline -0.004 -31"><span class='ocrx_word' id='word_1_107' title='bbox 184 1783 268 1832; x_wconf 88' lang='lat' dir='ltr'>rum</span> <span class='ocrx_word' id='word_1_108' title='bbox 296 1781 417 1860; x_wconf 89' lang='lat' dir='ltr'>poena</span> <span class='ocrx_word' id='word_1_109' title='bbox 441 1757 530 1856; x_wconf 87' lang='lat' dir='ltr'>suit,</span> <span class='ocrx_word' id='word_1_110' title='bbox 557 1765 622 1862; x_wconf 91' lang='lat' dir='ltr'>qui</span> <span class='ocrx_word' id='word_1_111' title='bbox 642 1766 885 1863; x_wconf 85' lang='lat' dir='ltr'>principatum</span> <span class='ocrx_word' id='word_1_112' title='bbox 910 1753 1040 1836; x_wconf 85' lang='lat' dir='ltr'>contra</span> <span class='ocrx_word' id='word_1_113' title='bbox 1071 1754 1121 1831; x_wconf 88' lang='lat' dir='ltr'>fas</span> <span class='ocrx_word' id='word_1_114' title='bbox 1153 1757 1263 1832; x_wconf 90' lang='lat' dir='ltr'>ambi-</span> 
     </span>
     <span class='ocr_line' id='line_1_16' title="bbox 185 1862 1263 1968; baseline -0.003 -31"><span class='ocrx_word' id='word_1_115' title='bbox 185 1885 348 1964; x_wconf 81' lang='lat' dir='ltr'>uerunt,</span> <span class='ocrx_word' id='word_1_116' title='bbox 375 1882 416 1940; x_wconf 85' lang='lat' dir='ltr'>vt</span> <span class='ocrx_word' id='word_1_117' title='bbox 451 1865 565 1940; x_wconf 76' lang='lat' dir='ltr'>oculis</span> <span class='ocrx_word' id='word_1_118' title='bbox 594 1870 833 1966; x_wconf 84' lang='lat' dir='ltr'>orbarentur,</span> <span class='ocrx_word' id='word_1_119' title='bbox 880 1893 926 1944; x_wconf 89' lang='lat' dir='ltr'>ne</span> <span class='ocrx_word' id='word_1_120' title='bbox 955 1862 1137 1968; x_wconf 83' lang='lat' dir='ltr'>publicam</span> <span class='ocrx_word' id='word_1_121' title='bbox 1168 1883 1263 1935; x_wconf 86' lang='lat' dir='ltr'>tran·</span> 
     </span>
     <span class='ocr_line' id='line_1_17' title="bbox 187 1967 1260 2076; baseline -0.001 -35"><span class='ocrx_word' id='word_1_122' title='bbox 187 1967 404 2068; x_wconf 81' lang='lat' dir='ltr'>quillitatem</span> <span class='ocrx_word' id='word_1_123' title='bbox 427 1975 641 2074; x_wconf 87' lang='lat' dir='ltr'>intercipere</span> <span class='ocrx_word' id='word_1_124' title='bbox 662 1973 814 2076; x_wconf 85' lang='lat' dir='ltr'>possent.</span> <span class='ocrx_word' id='word_1_125' title='bbox 867 1977 904 2048; x_wconf 92' lang='lat' dir='ltr'>Si</span> <span class='ocrx_word' id='word_1_126' title='bbox 923 1977 995 2048; x_wconf 91' lang='lat' dir='ltr'>hoc</span> <span class='ocrx_word' id='word_1_127' title='bbox 1016 1973 1125 2072; x_wconf 84' lang='lat' dir='ltr'>igitur</span> <span class='ocrx_word' id='word_1_128' title='bbox 1150 1971 1260 2046; x_wconf 85' lang='lat' dir='ltr'>etiam</span> 
     </span>
     <span class='ocr_line' id='line_1_18' title="bbox 188 2071 1265 2180; baseline -0.003 -31"><span class='ocrx_word' id='word_1_129' title='bbox 188 2073 322 2150; x_wconf 84' lang='lat' dir='ltr'>Almus</span> <span class='ocrx_word' id='word_1_130' title='bbox 346 2079 438 2154; x_wconf 87' lang='lat' dir='ltr'>vitio</span> <span class='ocrx_word' id='word_1_131' title='bbox 461 2075 659 2166; x_wconf 83' lang='lat' dir='ltr'>laborauit;</span> <span class='ocrx_word' id='word_1_132' title='bbox 685 2082 774 2180; x_wconf 84' lang='lat' dir='ltr'>quid</span> <span class='ocrx_word' id='word_1_133' title='bbox 799 2083 953 2166; x_wconf 81' lang='lat' dir='ltr'>mirum3</span> <span class='ocrx_word' id='word_1_134' title='bbox 981 2077 1004 2152; x_wconf 86' lang='lat' dir='ltr'>sr</span> <span class='ocrx_word' id='word_1_135' title='bbox 1030 2077 1106 2177; x_wconf 89' lang='lat' dir='ltr'>pari</span> <span class='ocrx_word' id='word_1_136' title='bbox 1134 2071 1265 2176; x_wconf 86' lang='lat' dir='ltr'>suppli·</span> 
     </span>
     <span class='ocr_line' id='line_1_19' title="bbox 189 2179 1264 2286; baseline -0.001 -33"><span class='ocrx_word' id='word_1_137' title='bbox 189 2180 249 2254; x_wconf 92' lang='lat' dir='ltr'>cio</span> <span class='ocrx_word' id='word_1_138' title='bbox 273 2179 341 2255; x_wconf 87' lang='lat' dir='ltr'>fuit</span> <span class='ocrx_word' id='word_1_139' title='bbox 372 2181 543 2280; x_wconf 57' lang='lat' dir='ltr'>assecha,</span> <span class='ocrx_word' id='word_1_140' title='bbox 583 2203 624 2258; x_wconf 93' lang='lat' dir='ltr'>vt</span> <span class='ocrx_word' id='word_1_141' title='bbox 645 2208 761 2286; x_wconf 81' lang='lat' dir='ltr'>regno</span> <span class='ocrx_word' id='word_1_142' title='bbox 788 2188 935 2260; x_wconf 88' lang='lat' dir='ltr'>tandem</span> <span class='ocrx_word' id='word_1_143' title='bbox 967 2199 1059 2285; x_wconf 81' lang='lat' dir='ltr'>pax,</span> <span class='ocrx_word' id='word_1_144' title='bbox 1098 2205 1207 2282; x_wconf 85' lang='lat' dir='ltr'>quam</span> <span class='ocrx_word' id='word_1_145' title='bbox 1234 2183 1264 2252; x_wconf 85' lang='lat' dir='ltr'>is</span> 
     </span>
     <span class='ocr_line' id='line_1_20' title="bbox 188 2283 1264 2390; baseline 0.003 -33"><span class='ocrx_word' id='word_1_146' title='bbox 188 2290 300 2362; x_wconf 87' lang='lat' dir='ltr'>toties</span> <span class='ocrx_word' id='word_1_147' title='bbox 326 2285 542 2364; x_wconf 87' lang='lat' dir='ltr'>turbulentis</span> <span class='ocrx_word' id='word_1_148' title='bbox 567 2293 757 2371; x_wconf 90' lang='lat' dir='ltr'>conatibus</span> <span class='ocrx_word' id='word_1_149' title='bbox 785 2290 853 2366; x_wconf 87' lang='lat' dir='ltr'>suis</span> <span class='ocrx_word' id='word_1_150' title='bbox 876 2283 1141 2390; x_wconf 81' lang='lat' dir='ltr'>interpellauit,</span> <span class='ocrx_word' id='word_1_151' title='bbox 1178 2311 1264 2360; x_wconf 91' lang='lat' dir='ltr'>con·</span> 
     </span>
     <span class='ocr_line' id='line_1_21' title="bbox 187 2387 1263 2492; baseline 0.002 -30"><span class='ocrx_word' id='word_1_152' title='bbox 187 2387 395 2470; x_wconf 77' lang='lat' dir='ltr'>ciliaretur?</span> <span class='ocrx_word' id='word_1_153' title='bbox 440 2394 514 2469; x_wconf 86' lang='lat' dir='ltr'>Etsr</span> <span class='ocrx_word' id='word_1_154' title='bbox 545 2419 632 2470; x_wconf 87' lang='lat' dir='ltr'>vero</span> <span class='ocrx_word' id='word_1_155' title='bbox 669 2395 893 2472; x_wconf 77' lang='lat' dir='ltr'>eolomanus</span> <span class='ocrx_word' id='word_1_156' title='bbox 933 2393 1090 2474; x_wconf 85' lang='lat' dir='ltr'>excusari</span> <span class='ocrx_word' id='word_1_157' title='bbox 1138 2387 1263 2492; x_wconf 79' lang='lat' dir='ltr'>possit,</span> 
     </span>
     <span class='ocr_line' id='line_1_22' title="bbox 191 2495 1263 2600; baseline 0.001 -31"><span class='ocrx_word' id='word_1_158' title='bbox 191 2499 294 2596; x_wconf 90' lang='lat' dir='ltr'>quod</span> <span class='ocrx_word' id='word_1_159' title='bbox 315 2495 488 2598; x_wconf 86' lang='lat' dir='ltr'>Almum,</span> <span class='ocrx_word' id='word_1_160' title='bbox 515 2503 623 2575; x_wconf 90' lang='lat' dir='ltr'>toties</span> <span class='ocrx_word' id='word_1_161' title='bbox 639 2527 768 2600; x_wconf 86' lang='lat' dir='ltr'>reum,</span> <span class='ocrx_word' id='word_1_162' title='bbox 796 2504 834 2575; x_wconf 91' lang='lat' dir='ltr'>in</span> <span class='ocrx_word' id='word_1_163' title='bbox 852 2525 936 2576; x_wconf 90' lang='lat' dir='ltr'>eum</span> <span class='ocrx_word' id='word_1_164' title='bbox 957 2501 1104 2597; x_wconf 86' lang='lat' dir='ltr'>statum,</span> <span class='ocrx_word' id='word_1_165' title='bbox 1132 2502 1170 2572; x_wconf 91' lang='lat' dir='ltr'>in</span> <span class='ocrx_word' id='word_1_166' title='bbox 1188 2521 1263 2598; x_wconf 92' lang='lat' dir='ltr'>quo</span> 
     </span>
     <span class='ocr_line' id='line_1_23' title="bbox 189 2605 1260 2709; baseline -0.001 -33"><span class='ocrx_word' id='word_1_167' title='bbox 189 2625 345 2704; x_wconf 79' lang='lat' dir='ltr'>regnum</span> <span class='ocrx_word' id='word_1_168' title='bbox 369 2607 541 2708; x_wconf 88' lang='lat' dir='ltr'>deinceps</span> <span class='ocrx_word' id='word_1_169' title='bbox 567 2609 710 2684; x_wconf 87' lang='lat' dir='ltr'>turbare</span> <span class='ocrx_word' id='word_1_170' title='bbox 731 2633 808 2682; x_wconf 93' lang='lat' dir='ltr'>non</span> <span class='ocrx_word' id='word_1_171' title='bbox 830 2611 1009 2709; x_wconf 87' lang='lat' dir='ltr'>potuerit,</span> <span class='ocrx_word' id='word_1_172' title='bbox 1036 2605 1260 2689; x_wconf 64' lang='lat' dir='ltr'>coniecerim</span> 
     </span>
     <span class='ocr_line' id='line_1_24' title="bbox 190 2708 1265 2814; baseline -0.003 -32"><span class='ocrx_word' id='word_1_173' title='bbox 190 2708 370 2786; x_wconf 81' lang='lat' dir='ltr'>excusatio</span> <span class='ocrx_word' id='word_1_174' title='bbox 392 2731 514 2788; x_wconf 88' lang='lat' dir='ltr'>tamen</span> <span class='ocrx_word' id='word_1_175' title='bbox 537 2715 668 2789; x_wconf 92' lang='lat' dir='ltr'>idonea</span> <span class='ocrx_word' id='word_1_176' title='bbox 693 2719 754 2791; x_wconf 84' lang='lat' dir='ltr'>vix</span> <span class='ocrx_word' id='word_1_177' title='bbox 778 2715 823 2787; x_wconf 92' lang='lat' dir='ltr'>ad</span> <span class='ocrx_word' id='word_1_178' title='bbox 842 2739 926 2790; x_wconf 90' lang='lat' dir='ltr'>eum</span> <span class='ocrx_word' id='word_1_179' title='bbox 951 2711 1180 2814; x_wconf 85' lang='lat' dir='ltr'>purgandum</span> <span class='ocrx_word' id='word_1_180' title='bbox 1212 2711 1265 2780; x_wconf 87' lang='lat' dir='ltr'>in·</span> 
     </span>
     <span class='ocr_line' id='line_1_25' title="bbox 189 2811 1264 2922; baseline 0 -34"><span class='ocrx_word' id='word_1_181' title='bbox 189 2819 306 2890; x_wconf 90' lang='lat' dir='ltr'>ueniri</span> <span class='ocrx_word' id='word_1_182' title='bbox 336 2815 476 2916; x_wconf 86' lang='lat' dir='ltr'>potest,</span> <span class='ocrx_word' id='word_1_183' title='bbox 512 2823 614 2922; x_wconf 91' lang='lat' dir='ltr'>quod</span> <span class='ocrx_word' id='word_1_184' title='bbox 643 2818 788 2922; x_wconf 83' lang='lat' dir='ltr'>longius</span> <span class='ocrx_word' id='word_1_185' title='bbox 819 2821 1008 2920; x_wconf 86' lang='lat' dir='ltr'>abreptus,</span> <span class='ocrx_word' id='word_1_186' title='bbox 1047 2811 1264 2894; x_wconf 88' lang='lat' dir='ltr'>infantulum</span> 
     </span>
     <span class='ocr_line' id='line_1_26' title="bbox 190 2920 1263 3026; baseline -0.002 -31"><span class='ocrx_word' id='word_1_187' title='bbox 190 2946 342 3022; x_wconf 88' lang='lat' dir='ltr'>quoque</span> <span class='ocrx_word' id='word_1_188' title='bbox 371 2920 514 3024; x_wconf 86' lang='lat' dir='ltr'>Belam,</span> <span class='ocrx_word' id='word_1_189' title='bbox 556 2949 577 2998; x_wconf 88' lang='lat' dir='ltr'>a</span> <span class='ocrx_word' id='word_1_190' title='bbox 613 2950 690 3026; x_wconf 92' lang='lat' dir='ltr'>quo</span> <span class='ocrx_word' id='word_1_191' title='bbox 713 2926 814 3006; x_wconf 74' lang='lat' dir='ltr'>,nihil</span> <span class='ocrx_word' id='word_1_192' title='bbox 840 2927 988 3000; x_wconf 86' lang='lat' dir='ltr'>iniuriae</span> <span class='ocrx_word' id='word_1_193' title='bbox 1019 2949 1083 3026; x_wconf 89' lang='lat' dir='ltr'>per</span> <span class='ocrx_word' id='word_1_194' title='bbox 1109 2939 1263 3006; x_wconf 81' lang='lat' dir='ltr'>aetatem</span> 
     </span>
     <span class='ocr_line' id='line_1_27' title="bbox 190 3029 1269 3130; baseline -0.003 -30"><span class='ocrx_word' id='word_1_195' title='bbox 190 3030 352 3130; x_wconf 90' lang='lat' dir='ltr'>accipere</span> <span class='ocrx_word' id='word_1_196' title='bbox 380 3049 548 3129; x_wconf 86' lang='lat' dir='ltr'>poterat,</span> <span class='ocrx_word' id='word_1_197' title='bbox 576 3031 690 3106; x_wconf 85' lang='lat' dir='ltr'>oculis</span> <span class='ocrx_word' id='word_1_198' title='bbox 716 3033 845 3108; x_wconf 90' lang='lat' dir='ltr'>itidem</span> <span class='ocrx_word' id='word_1_199' title='bbox 871 3033 987 3106; x_wconf 88' lang='lat' dir='ltr'>orbari</span> <span class='ocrx_word' id='word_1_200' title='bbox 1008 3029 1144 3105; x_wconf 83' lang='lat' dir='ltr'>iusserit</span> <span class='ocrx_word' id='word_1_201' title='bbox 1150 3053 1162 3112; x_wconf 70' lang='grc' dir='ltr'><strong><em>ς</em></strong></span> <span class='ocrx_word' id='word_1_202' title='bbox 1202 3029 1269 3098; x_wconf 89' lang='lat' dir='ltr'>im·</span> 
     </span>
     <span class='ocr_line' id='line_1_28' title="bbox 190 3127 1267 3238; baseline -0.007 -30"><span class='ocrx_word' id='word_1_203' title='bbox 190 3157 253 3208; x_wconf 90' lang='lat' dir='ltr'>mo</span> <span class='ocrx_word' id='word_1_204' title='bbox 272 3135 517 3236; x_wconf 86' lang='lat' dir='ltr'>procreandae</span> <span class='ocrx_word' id='word_1_205' title='bbox 540 3133 652 3226; x_wconf 88' lang='lat' dir='ltr'>soboli</span> <span class='ocrx_word' id='word_1_206' title='bbox 678 3141 822 3238; x_wconf 87' lang='lat' dir='ltr'>penitus</span> <span class='ocrx_word' id='word_1_207' title='bbox 849 3139 1015 3236; x_wconf 87' lang='lat' dir='ltr'>ineptum</span> <span class='ocrx_word' id='word_1_208' title='bbox 1042 3157 1125 3210; x_wconf 90' lang='lat' dir='ltr'>eum</span> <span class='ocrx_word' id='word_1_209' title='bbox 1142 3127 1267 3203; x_wconf 85' lang='lat' dir='ltr'>effice-</span> 
     </span>
     <span class='ocr_line' id='line_1_29' title="bbox 126 3237 1261 3318; baseline -0.012 -2"><span class='ocrx_word' id='word_1_210' title='bbox 126 3261 131 3284; x_wconf 80' lang='lat'>¹</span> <span class='ocrx_word' id='word_1_211' title='bbox 190 3261 230 3316; x_wconf 87' lang='lat' dir='ltr'>re</span> <span class='ocrx_word' id='word_1_212' title='bbox 253 3239 419 3317; x_wconf 85' lang='lat' dir='ltr'>voluerit.</span> <span class='ocrx_word' id='word_1_213' title='bbox 471 3247 553 3317; x_wconf 88' lang='lat' dir='ltr'>Hoc</span> <span class='ocrx_word' id='word_1_214' title='bbox 575 3264 697 3318; x_wconf 89' lang='lat' dir='ltr'>autem</span> <span class='ocrx_word' id='word_1_215' title='bbox 723 3243 767 3317; x_wconf 94' lang='lat' dir='ltr'>ab</span> <span class='ocrx_word' id='word_1_216' title='bbox 796 3265 841 3316; x_wconf 86' lang='lat' dir='ltr'>eo</span> <span class='ocrx_word' id='word_1_217' title='bbox 861 3237 995 3315; x_wconf 74' lang='lat' dir='ltr'>factum</span> <span class='ocrx_word' id='word_1_218' title='bbox 1019 3259 1057 3314; x_wconf 82' lang='lat' dir='ltr'>et</span> <span class='ocrx_word' id='word_1_219' title='bbox 1081 3252 1261 3308; x_wconf 90' lang='lat' dir='ltr'>tentatum</span> 
     </span>
     <span class='ocr_line' id='line_1_30' title="bbox 184 3335 1266 3447; baseline -0.012 -25"><span class='ocrx_word' id='word_1_220' title='bbox 184 3343 303 3446; x_wconf 80' lang='lat' dir='ltr'>fuisse,</span> <span class='ocrx_word' id='word_1_221' title='bbox 330 3365 471 3447; x_wconf 88' lang='lat' dir='ltr'>praeter</span> <span class='ocrx_word' id='word_1_222' title='bbox 494 3352 731 3443; x_wconf 68' lang='lat' dir='ltr'>Turonium,</span> <span class='ocrx_word' id='word_1_223' title='bbox 758 3349 864 3422; x_wconf 86' lang='lat' dir='ltr'>etiam</span> <span class='ocrx_word' id='word_1_224' title='bbox 902 3347 1053 3420; x_wconf 83' lang='lat' dir='ltr'>Cosmas</span> <span class='ocrx_word' id='word_1_225' title='bbox 1085 3335 1266 3440; x_wconf 78' lang='lat' dir='ltr'>Pragensrs&#39;</span> 
     </span>
     <span class='ocr_line' id='line_1_31' title="bbox 186 3445 1264 3552; baseline -0.009 -22"><span class='ocrx_word' id='word_1_226' title='bbox 186 3455 236 3530; x_wconf 91' lang='lat' dir='ltr'>ita</span> <span class='ocrx_word' id='word_1_227' title='bbox 265 3449 433 3528; x_wconf 82' lang='lat' dir='ltr'>testatur:</span> <span class='ocrx_word' id='word_1_228' title='bbox 460 3451 519 3552; x_wconf 83' lang='lat' dir='ltr'>(b)</span> <span class='ocrx_word' id='word_1_229' title='bbox 571 3451 717 3531; x_wconf 69' lang='lat' dir='ltr'>{lainam</span> <span class='ocrx_word' id='word_1_230' title='bbox 749 3447 809 3526; x_wconf 76' lang='lat' dir='ltr'>hoc</span> <span class='ocrx_word' id='word_1_231' title='bbox 839 3449 976 3527; x_wconf 79' lang='lat' dir='ltr'>audiret</span> <span class='ocrx_word' id='word_1_232' title='bbox 1019 3445 1264 3542; x_wconf 80' lang='lat' dir='ltr'>Cholornamrs,</span> 
     </span>
     <span class='ocr_line' id='line_1_32' title="bbox 119 3555 1264 3660; baseline -0.006 -26"><span class='ocrx_word' id='word_1_233' title='bbox 119 3647 126 3659; x_wconf 38' lang='grc'><em>,</em></span> <span class='ocrx_word' id='word_1_234' title='bbox 147 3617 159 3634; x_wconf 71' lang='grc'><em>,</em></span> <span class='ocrx_word' id='word_1_235' title='bbox 191 3583 258 3634; x_wconf 81' lang='lat' dir='ltr'>rex</span> <span class='ocrx_word' id='word_1_236' title='bbox 273 3557 510 3657; x_wconf 84' lang='lat' dir='ltr'>Pannonicus,</span> <span class='ocrx_word' id='word_1_237' title='bbox 519 3555 702 3660; x_wconf 78' lang='lat' dir='ltr'>fiviueret</span> <span class='ocrx_word' id='word_1_238' title='bbox 717 3555 863 3658; x_wconf 88' lang='lat' dir='ltr'>(scribit</span> <span class='ocrx_word' id='word_1_239' title='bbox 876 3557 965 3632; x_wconf 89' lang='lat' dir='ltr'>haec</span> <span class='ocrx_word' id='word_1_240' title='bbox 980 3559 1025 3632; x_wconf 90' lang='lat' dir='ltr'>ad</span> <span class='ocrx_word' id='word_1_241' title='bbox 1045 3581 1100 3630; x_wconf 89' lang='lat' dir='ltr'>an.</span> <span class='ocrx_word' id='word_1_242' title='bbox 1125 3559 1264 3648; x_wconf 82' lang='lat'><em>1117.)</em></span> 
     </span>
     <span class='ocr_line' id='line_1_33' title="bbox 132 3653 1302 3771; baseline -0.009 -25"><span class='ocrx_word' id='word_1_243' title='bbox 132 3741 133 3746; x_wconf 75' lang='grc'>,</span> <span class='ocrx_word' id='word_1_244' title='bbox 187 3667 250 3770; x_wconf 79' lang='lat' dir='ltr'>qui</span> <span class='ocrx_word' id='word_1_245' title='bbox 277 3685 449 3766; x_wconf 84' lang='lat' dir='ltr'>metuens,</span> <span class='ocrx_word' id='word_1_246' title='bbox 475 3690 518 3742; x_wconf 81' lang='lat' dir='ltr'>ne</span> <span class='ocrx_word' id='word_1_247' title='bbox 537 3683 724 3771; x_wconf 85' lang='lat' dir='ltr'>germanus</span> <span class='ocrx_word' id='word_1_248' title='bbox 739 3657 830 3765; x_wconf 68' lang='lat' dir='ltr'>fiius</span> <span class='ocrx_word' id='word_1_249' title='bbox 852 3663 984 3742; x_wconf 84' lang='lat' dir='ltr'>Almus</span> <span class='ocrx_word' id='word_1_250' title='bbox 1004 3660 1077 3770; x_wconf 78' lang='lat' dir='ltr'>post</span> <span class='ocrx_word' id='word_1_251' title='bbox 1108 3683 1182 3736; x_wconf 85' lang='lat' dir='ltr'>eum</span> <span class='ocrx_word' id='word_1_252' title='bbox 1217 3681 1266 3732; x_wconf 83' lang='lat' dir='ltr'>re·</span> <span class='ocrx_word' id='word_1_253' title='bbox 1295 3653 1302 3670; x_wconf 66' lang='lat'>⁸</span> 
     </span>
    </p>

    <p class='ocr_par' dir='ltr' id='par_1_7' title="bbox 194 3785 1214 3878">
     <span class='ocr_line' id='line_1_34' title="bbox 194 3785 1214 3878; baseline -0.006 -30"><span class='ocrx_word' id='word_1_254' title='bbox 194 3807 197 3817; x_wconf 59' lang='lat'><em>¹</em></span> <span class='ocrx_word' id='word_1_255' title='bbox 1058 3785 1189 3878; x_wconf 79' lang='lat' dir='ltr'>gnaret</span> <span class='ocrx_word' id='word_1_256' title='bbox 1197 3789 1214 3857; x_wconf 89' lang='lat'><em>;</em></span> 
     </span>
    </p>
   </div>
   <div class='ocr_carea' id='block_1_7' title="bbox 194 3915 1266 3946">
    <p class='ocr_par' dir='ltr' id='par_1_8' title="bbox 194 3915 1266 3946">
     <span class='ocr_line' id='line_1_35' title="bbox 194 3915 1266 3946; baseline -0.002 -4"><span class='ocrx_word' id='word_1_257' title='bbox 194 3915 1266 3946; x_wconf 45' lang='lat' dir='ltr'>mmmm—*⁸¹⁸⁸*</span> 
     </span>
    </p>
   </div>
   <div class='ocr_carea' id='block_1_8' title="bbox 233 3971 1266 4158">
    <p class='ocr_par' dir='ltr' id='par_1_9' title="bbox 233 3971 1266 4158">
     <span class='ocr_line' id='line_1_36' title="bbox 233 3971 1266 4158; baseline -0.001 -100"><span class='ocrx_word' id='word_1_258' title='bbox 233 3987 428 4158; x_wconf 30' lang='lat' dir='ltr'>(alleluiae.</span> <span class='ocrx_word' id='word_1_259' title='bbox 450 3995 482 4056; x_wconf 80' lang='lat' dir='ltr'>r.</span> <span class='ocrx_word' id='word_1_260' title='bbox 501 3995 541 4064; x_wconf 80' lang='grc' dir='ltr'>ιι.</span> <span class='ocrx_word' id='word_1_261' title='bbox 564 4017 630 4081; x_wconf 63' lang='lat' dir='ltr'>up.</span> <span class='ocrx_word' id='word_1_262' title='bbox 652 4001 703 4070; x_wconf 60' lang='grc' dir='ltr'>ω.</span> <span class='ocrx_word' id='word_1_263' title='bbox 760 4003 833 4086; x_wconf 78' lang='lat' dir='ltr'>(a)</span> <span class='ocrx_word' id='word_1_264' title='bbox 865 4013 925 4092; x_wconf 71' lang='lat' dir='ltr'>Ap.</span> <span class='ocrx_word' id='word_1_265' title='bbox 941 3971 1064 4074; x_wconf 64' lang='lat' dir='ltr'>merea.</span> <span class='ocrx_word' id='word_1_266' title='bbox 1085 4001 1125 4064; x_wconf 81' lang='grc' dir='ltr'>τ.</span> <span class='ocrx_word' id='word_1_267' title='bbox 1147 3997 1173 4064; x_wconf 89' lang='lat'>1.</span> <span class='ocrx_word' id='word_1_268' title='bbox 1202 3993 1266 4057; x_wconf 73' lang='lat'>001.</span> 
     </span>
    </p>
   </div>
   <div class='ocr_carea' id='block_1_9' title="bbox 0 0 1409 4304">
    <p class='ocr_par' dir='ltr' id='par_1_10' title="bbox 0 0 1409 4304">
     <span class='ocr_line' id='line_1_37' title="bbox 0 0 1409 4304; baseline 0 0"><span class='ocrx_word' id='word_1_269' title='bbox 0 0 1409 4304; x_wconf 95' lang='lat' dir='ltr'> </span> 
     </span>
    </p>
   </div>
  </div>
 </body>
</html>
