2744 4298
202 166 287 260 '524
422 163 901 244 LADISLAVS
953 169 1039 244 1v.

150 339 352 418 bdomades
391 339 606 418 Bohemiam
640 339 738 418 suam
847 323 967 420 etiisse
1038 347 1258 444 Hungaroa'

150 445 279 524 itidem
308 441 511 521 Austriacas
538 451 747 548 prouincias
772 473 818 525 va
848 447 940 546 asse,
968 462 1069 550 patet
1096 470 1142 522 cx
1170 447 1242 526 illo

149 547 308 632 Ladislai
329 545 558 652 diplomate,
585 575 662 654 quo
682 557 848 658 Gregorii
875 553 968 630 filios
995 545 1145 656 propter
1176 577 1245 633 cx·

17 687 20 698 '
112 671 115 676 ’
151 651 383 764 Pedifionem
407 659 655 736 Teutonicam
681 682 715 740 et
738 655 988 767 deuastationer
1012 657 1065 736 ibi
1082 658 1244 760 commiſs

139 757 208 866 stas
225 781 498 888 temperentur,
517 771 581 864 (a)
605 791 698 842 anno
720 767 808 844 dom
827 763 1109 846 MCCLXXHI.
1132 771 1244 873 regni

18 931 19 934 ,
152 889 271 947 autem
297 865 404 973 nostri
426 867 475 946 II.
503 871 802 972 „metropolitica
820 872 900 952 sede
919 875 1128 972 &strigon
1146 871 1246 949 cccl.

152 1029 180 1073 „
204 993 377 1062 uacante3
405 980 571 1054 ven.·PP.
587 979 774 1084 Stephano
797 977 925 1058 Coloe.
949 998 986 1052 et
1001 981 1139 1053 Ioanne
1149 983 1243 1080 Spa·

156 1125 183 1180 „
210 1077 272 1158 iat.
302 1079 599 1184 archiepiscopis3
625 1085 823 1164 Lamberto
849 1090 939 1188 Agr.
964 1085 1029 1159 lob
1049 1086 1240 1184 euinque-

153 1241 179 1283 „
206 1181 330 1262 eccles.
355 1187 481 1263 Paullo
512 1185 686 1290 Vesprim.
710 1187 778 1264 aul.
803 1191 909 1268 nostr.
934 1213 1036 1274 canc.
1065 1187 1243 1289 Philippo

152 1335 180 1380 .‚
205 1295 357 1371 vacien.
384 1290 453 1370 aul.
476 1297 526 1370 D.
550 1297 724 1397 reginae,
750 1293 857 1374 carisi
894 1295 1069 1386 consortis
1097 1293 1243 1370 nostrae

153 1451 180 1496 „
206 1421 309 1478 canc.
337 1401 378 1478 C.
402 1403 543 1506 Neogr.
570 1401 775 1478 Timotheo
792 1406 895 1508 Zagr.
921 1403 1144 1480 Lodomerio
1170 1405 1241 1474 Va·
1353 1441 1354 1446 =

154 1547 181 1592 a
207 1504 284 1581 rad.
319 1505 494 1608 Dionysio
522 1511 612 1582 laur.
641 1525 681 1584 et
709 1513 819 1584 Petro
853 1501 1040 1592 Transsilu.
1074 1548 1126 1569 -
1165 1511 1241 1580 Ro-

152 1605 316 1707 „lando
344 1612 507 1714 palatino
515 1637 529 1702 ς
557 1615 718 1690 chrico
745 1614 978 1714 banototius
1003 1610 1118 1690 Sclau.
1146 1617 1246 1686 Mat·

154 1769 180 1810 „
208 1719 318 1901 ωιὴίεο
348 1714 614 1926 διηῗί)ῑυᾰίοε
637 1743 713 1796 cur.
736 1716 896 1797 Nicolao
924 1721 1082 1798 vaiuoda
1105 1725 1242 1794 ‘iranc-

155 1875 181 1918 ar
300 1827 353 1892 ί·
367 1841 390 1880 “

177 2109 179 2116 ,
252 2033 483 2114 cnxxvm
509 2043 645 2144 Neque
669 2037 807 2118 bellum
834 2034 936 2116 fiune
962 2037 1250 2136 continuatum,

156 2167 280 2244 neque
304 2167 432 2246 pacem
460 2145 698 2248 compofita'm
726 2147 825 2249 apud
854 2142 1018 2221 vetustos
1054 2141 1245 2242 scriptores

155 2237 323 2326 inuenio.
376 2251 531 2326 Videtur
554 2257 752 2328 ottocarus
779 2249 924 2326 confilia
950 2253 1049 2350 pacis
1074 2245 1244 2348 iniuissc,

90 2381 94 2388 ·
156 2351 349 2458 postquam
367 2353 570 2454 intellexit,
598 2356 671 2440 hoc
686 2379 804 2453 anno,
825 2372 903 2456 quo
927 2356 1152 2458 Hungariam
1172 2379 1247 2428 era·

156 2459 289 2562 debat,
313 2455 552 2562 Rudolphum
569 2460 890 2564 siabsburgicum
917 2485 1036 2562 aquo
1060 2459 1154 2536 male
1179 2459 1244 2536 sibi

157 2567 370 2668 metuebat,
415 2569 673 2670 imperatorem
707 2563 864 2644 electum
899 2563 976 2644 esic.
1049 2569 1248 2664 Ceterum,

157 2674 272 2748 etiam
299 2673 479 2750 ottocaro
498 2673 678 2772 cessante,
702 2665 780 2748 non
797 2675 940 2775 optimo
967 2671 1126 2750 sorores
1146 2679 1249 2747 Hun-

160 2781 283 2882 gariae
309 2777 570 2879 consrssebant,
597 2779 792 2878 Cumanis,
830 2777 915 2856 alias
944 2803 1096 2882 quoque
1122 2781 1248 2853 turbu·

157 2881 295 2982 lentis,
323 2905 475 2986 propter
501 2887 705 2964 Cumanam
732 2881 1069 2962 Ladisiaimatrem
1097 2881 1181 2987 plus
1205 2885 1246 2958 in

161 2993 358 3094 Hungaro's
386 2991 494 3090 ausu,
520 3011 563 3068 vt
590 2989 843 3068 olomuccnfis
869 2989 1061 3096 episcopus
1089 2993 1249 3067 adrfire·
1353 3003 1354 3008 ‘

97 3152 100 3159 ·
160 3099 306 3202 gorium
334 3099 375 3173 X.
399 3099 438 3168 in
466 3099 555 3174 haec
582 3101 692 3174 verba
715 3097 858 3174 scribit:
885 3099 958 3193 (c).
992 3157 1015 3194 „
1032 3141 1086 3164 -
1109 3095 1247 3198 inipso

162 3246 189 3290 η
215 3225 331 3306 regno
356 3203 511 3278 Cumani
529 3223 832 3303 manutenentur‚
861 3209 925 3304 qui
941 3229 1018 3280 non
1034 3201 1248 3281 solum'alic·

163 3365 188 3406 ‚,
216 3311 379 3415 trigenis,
407 3310 467 3388 sed
493 3313 602 3386 etiam
627 3311 733 3412 ipsrus
766 3315 871 3413 regni
905 3311 1037 3388 incolis
1074 3313 1249 3387 atrociter

164 3461 190 3512 ¹,
215 3415 296 3494 sunt
320 3413 437 3494 infesti
448 3443 462 3504 3
506 3439 566 3515 ct,
606 3421 721 3494 modo
747 3419 844 3518 apud
876 3415 965 3494 alios
990 3421 1111 3493 minus
1144 3411 1250 3493 solito

162 3575 188 3614 „
217 3519 434 3624 praeliandi,
471 3521 667 3602 infantibus
693 3545 730 3601 et
756 3523 895 3602 senibus
926 3549 1006 3600 non
1038 3545 1256 3626 parcentes,

164 3676 190 3717 ‚‚
218 3631 370 3704 iuuenes
393 3649 432 3706 et
454 3626 674 3706 iuuencuios
700 3635 903 3734 captiuatos
926 3634 967 3706 in
991 3629 1043 3706 firi
1070 3633 1162 3706 ritus
1176 3655 1253 3704 ma·

1048 3783 1072 3825 25
1100 3737 1200 3812 bitiae

170 3877 1256 3910 ...--......,.,.....................................

210 3953 253 4028 (a)
276 3941 322 4008 Ex
342 3951 432 4015 MSS.
449 3955 591 4018 Praianir.
635 3957 677 4034 (b)
702 3961 777 4024 uin.
796 3961 847 4024 Cr.
871 3963 909 4029 T.
929 3963 991 4026 vl.
1013 3983 1047 4048 p.
1072 3953 1257 4046 632-636.

261 4033 306 4112 (e)
329 4033 386 4117 ap.
407 4035 507 4116 Rayn·
526 4037 562 4100 ad
583 4059 679 4126 ¹²7³·
699 4045 742 4105 N.
763 4061 814 4122 η.
