2748 4300
409 213 618 304 ·,REX
670 211 715 292 t.
1012 233 1159 312 147³

78 389 226 470 nutlores
250 381 361 462 essent
373 411 387 474 3
412 387 520 462 rebus
559 386 753 461 maioribus
791 383 954 472 emendis¹
982 410 1023 462 ac
1053 401 1140 465 'ven-

79 484 195 575 dendis
218 497 339 566 minus
362 491 630 566 accommodati
659 491 888 566 habebantur.
922 487 1026 588 uela,
1046 481 1133 574 huic

78 599 302 678 incommodo
328 595 574 697 consulturus,
600 597 758 695 primum
789 619 978 672 aureorum
1001 603 1139 699 Byzan·
1216 640 1217 648 κ
1293 627 1295 634 ’

77 711 224 784 tinorum
246 701 346 778 usum
369 699 524 788 admifit3
551 703 704 798 deinde,
741 723 817 799 quo
848 697 986 777 facilius
1013 708 1185 779 cantio-¹¹

78 836 136 889 nes
156 834 193 884 ac
214 809 743 908 venditionesperagerentur,
771 807 815 880 ad
832 827 959 882 eorum
979 801 1141 884 valorem

78 925 122 994 ita
144 933 326 990 monetam
344 911 585 1012 Hungaricam
601 911 896 986 accommodauit
906 966 920 1008 ,
945 931 986 986 vt
999 933 1063 1009 40.
1081 915 1139 1004 de-

79 1023 160 1096 narii
174 1079 185 1120 ‚
212 1029 309 1119 quos‘
332 1015 403 1118 ipse'
433 1017 617 1092 feriundos
642 1039 686 1088 ex
708 1035 857 1120 argento
886 1011 1062 1116 pullulato
1081 1027 1145 1093 cu-

78 1143 226 1220 nuent,
252 1123 371 1222 pretio
395 1119 659 1228 Byzantinum,
684 1123 734 1193 ita
766 1113 901 1194 ditium
913 1182 925 1222 ‚
952 1124 1052 1222 quod
1077 1129 1146 1223 By·

77 1231 180 1308 zantii
204 1229 414 1326 cuderetur,
442 1245 649 1328 aequarent.
709 1229 813 1304 Vnus
843 1227 965 1302 ethis
990 1229 1144 1304 denariis

82 1339 201 1410 decem
222 1331 436 1408 nostratibus
466 1327 740 1430 aequiualebata
777 1333 940 1432 adeoque
961 1353 1024 1428 40.
1046 1353 1146 1407 vete·
1210 1333 1213 1336 ’

80 1465 129 1516 res
154 1435 203 1514 illi
231 1439 367 1532 denarii
389 1459 478 1534 400.
501 1433 698 1532 nostrates,
726 1435 783 1512 seu
806 1455 844 1530 4.
872 1435 1026 1511 florenos
1052 1439 1145 1512 Rhe·

79 1543 228 1637 musea,¹
268 1534 487 1618 efficiebant·
534 1542 598 1616 His
622 1537 670 1613 vll
702 1539 783 1616 lunt
815 1545 995 1641 Europaei
1018 1545 1148 1641 princi-

81 1673 142 1751 pes
175 1649 221 1722 ad
257 1648 419 1724 medium
439 1727 440 1730 ,
457 1645 530 1722 fere
565 1641 671 1737 seculi
701 1648 792 1722 Xlli
830 1648 918 1720 dum
945 1645 1148 1748 Florentiae

76 1759 254 1856 primum,
283 1748 398 1854 effigie
425 1757 459 1829 8.
483 1753 628 1826 loannis
652 1749 911 1860 impellique
936 1749 1024 1825 flore
1039 1751 1149 1852 signa·

75 1865 122 1956 ti,
149 1858 423 1958 percuterentur
445 1860 489 1932 ab
522 1877 620 1929 anno
652 1867 783 1954 1252..
834 1857 929 1930 Hinc
956 1859 1052 1932 attrei
1080 1857 1152 1956 pri-

72 1987 177 2040 mum
190 1963 321 2068 floreni
341 1963 413 2036 dici
436 1979 646 2062 coeperunt.
714 1965 835 2036 Quum
860 1979 982 2037 autem
1010 1965 1147 2062 primus
1217 2005 1218 2010 =

67 2073 105 2143 in
133 2069 318 2168 Hungaria
345 2059 496 2142 Carolus
525 2067 705 2168 Robertus
732 2086 922 2158 ‚monetam
942 2092 1083 2144 auream
1098 2065 1152 2143 fe-

68 2173 238 2248 riundum
261 2176 469 2258 ‘curauerit3
510 2168 609 2268 illae,
649 2193 741 2270 quae
768 2175 802 2247 S.
820 2171 978 2248 'Ladlslai
1010 2195 1150 2254 nomen

69 2297 108 2354 et
133 2273 297 2378 effigiem
316 2299 401 2351 cum
419 2277 551 2372 radio,
573 2273 764 2350 saniiitatis
790 2279 926 2376 indicio
938 2333 950 2375 ,
977 2279 1147 2379 referunt²

68 2381 371 2484 apostorioribus
393 2384 536 2482 regibus
561 2377 700 2469 ineius
729 2384 908 2456 honorem
935 2383 1150 2474 cusaelunt.
1256 2409 1261 2417 ¹

66 2495 174 2564 Idem
199 2485 353 2561 Carolus
375 2489 555 2574 Robertus
584 2483 740 2563 latorum
766 2489 804 2560 in
838 2493 1019 2590 Hungaria
1053 2486 1148 2589 gros-

65 2597 192 2675 sorum
217 2595 356 2694 primus
385 2589 509 2667 auelor
536 2589 629 2688 fuit,
655 2593 786 2694 quibus
812 2592 998 2692 postquam
1026 2595 1148 2668 Ludo·
1308 2631 1318 2642 -

66 2703 178 2778 uicus
204 2702 253 2773 ΙΙ.
280 2683 438 2798 effigiem
465 2699 717 2772 MARIAnam
731 2689 909 2782 intulliset
916 2725 929 2786 3
969 2701 1148 2773 MARIA-
1283 2689 1288 2698 '

65 2809 128 2900 ni,
150 2805 366 2905 Hungarice'
380 2801 537 2900 Mirj'as,
556 2804 629 2878 dici
645 2821 855 2904 coeperunt.
909 2808 1007 2878 Quae
1026 2799 1167 2876 tamen·

62 2907 213 3012 effigies
237 2902 275 2982 et
301 2909 350 3001 in¹
377 2911 485 2982 aereis
511 2903 618 2986 Belae
647 2909 707 2982 w.
736 2911 876 3003 numia,
911 2927 949 2983 et
969 2911 1009 2980 in
1034 2906 1152 2980 aureis¹

58 3017 238 3090 Mathiae
262 3013 415 3090 Coruini
437 3013 570 3087 visitur.
626 3010 801 3111 Argentei
829 3033 986 3112 quatuor
1008 3033 1150 3113 regum,

58 3123 129 3220 qui
169 3119 298 3197 neum
326 3119 357 3194 1.
387 3116 673 3211 antecesserunt,
711 3119 814 3196 numi
841 3113 959 3216 plures
987 3117 1150 3212 exstant,
1210 3137 1216 3146 ’

55 3226 104 3298 lic
150 3225 350 3322 inscripti:
393 3215 716 3300 STEPHANVS
748 3213 866 3295 REX.
945 3217 1163 3326 PETRVS,

58 3327 193 3406 REX
255 3323 514 3406 SAMVHEL
549 3324 665 3406 REX
728 3323 998 3422 ANDREAS
1036 3323 1155 3403 REX.

59 3439 102 3510 ln
137 3436 274 3509 numis
302 3437 475 3534 Stephani
503 3433 638 3536 postica
660 3455 739 3536 pars
761 3433 873 3510 refert
894 3435 988 3507 hanc
1008 3429 1162 3532 perigra-

57 3543 196 3638 phen:
242 3533 464 3617 CIVITAS
498 3536 699 3628 aaut&
752 3537 791 3610 in
820 3541 917 3616 Petri
953 3533 1161 3628 PANON·
1227 3537 1229 3544 ’

58 3643 219 3722 ΝΕῚᾹ
229 3672 249 3739 ;
275 3647 316 3718 iu
341 3643 516 3720 Samuelis
545 3641 865 3738 PANONEIA;
899 3648 937 3717 in
964 3643 1160 3742 Andreae,

53 3749 128 3826 iam
157 3747 484 3852 ΡΑΝΟΝΕΙΑ,
511 3753 585 3824 iam
619 3743 838 3828 CIVITAS
855 3743 1033 3828 REGIA.
1053 3749 1110 3839 (al
1170 3783 1172 3786 ·

362 3857 366 3862 ’
448 3931 451 3938 ,
558 3857 646 3934 Ka
932 3853 1122 3932 cxxvtu

983 3961 1270 4005 ...μ-4,’

93 4061 150 4139 (a)
176 4059 264 4126 tua
293 4079 326 4154 p.
353 4067 525 4144 270-121.
590 4074 595 4096 ν
