2738 4304
300 303 352 370 66
504 285 1082 371 §.STEPHANVS
1248 311 1251 318 ’

244 459 424 540 dioeceses
452 459 689 560 descripserit,
727 462 845 560 iisque
877 467 975 538 viros
1006 466 1162 540 idoneos
1192 471 1333 565 partim

90 595 92 603 ·
140 617 145 626 ·
243 568 491 664 destinauerit,
521 569 650 666 partim
688 563 919 666 praefecerit;
960 572 1085 646 dotem
1104 569 1242 644 'tamen
1273 599 1331 649 ec-

45 645 48 680 ¹
244 671 425 770 clesrarum
450 694 570 770 neque
599 669 714 746 statim
737 669 955 772 dehgnauit,
982 663 1102 774 ne'que
1122 673 1241 756 statim
1262 701 1333 777 pii-

243 777 353 854 blicae
392 775 476 850 fidei
509 773 636 852 litteris
669 773 909 852 confirmauit.
980 781 1171 861 Eiusmodi
1197 779 1332 857 funda·

240 887 349 960 tionis
371 879 510 956 litterae
535 879 752 980 plerumque
779 903 855 954 non
882 887 996 982 prius,
1026 907 1135 983 quarn
1155 883 1330 963 ecclesiae

243 979 516 1082 dedicarentur,
544 985 852 1085 expediebantur..
876 989 1140 1090 vesprimiensis
1177 987 1329 1068 ecclelia

242 1096 381 1168 dudum
406 1092 539 1166 honori
561 1095 595 1163 S.
614 1089 808 1164 Michaelis
830 1091 1023 1190 destinata,
1052 1096 1152 1192 quod
1170 1101 1239 1182 eS‚
1253 1105 1335 1174 Ste-

187 1195 189 1201 “
242 1199 351 1298 pharii
369 1193 497 1270 litteris
524 1199 609 1268 anni
637 1216 751 1274 1001.
785 1194 975 1294 discimus,
1018 1199 1077 1298 pia¹
1107 1195 1327 1280 liberalitate

244 1297 378 1388 (iiselae
398 1304 469 1376 iani
495 1303 545 1376 ita
571 1300 741 1398 surrexit,
768 1321 810 1376 vt
833 1301 1029 1378 consecrari
1049 1304 1120 1377 hoc
1138 1327 1238 1380 anno
1257 1333 1326 1408 po·

244 1410 367 1482 tuerit.
419 1408 506 1504 Eius
543 1405 784 1480 conditricem
821 1404 975 1481 Giselam
1004 1425 1056 1481 etv
1072 1410 1332 1510 Carthuitiiis,

243 1533 280 1592 ‚et
303 1510 393 1612 lapis
429 1507 650 1611 sepulcralis,
698 1534 718 1582 a
743 1514 846 1587 Praio
874 1509 978 1588 semel
1008 1536 1049 1586 ac
1081 1515 1213 1588 iterum
1241 1542 1329 1618 pro·

241 1616 393 1715 dusius,
427 1615 512 1692 facit
526 1643 538 1703 3
578 1613 665 1692 licet
699 1615 926 1716 episcopatus
949 1619 1059 1718 ipsius
1089 1616 1345 1698 fundatorem¹

240 1747 455 1798 veneremur
478 1727 511 1796 S.
529 1723 775 1822 Stephanum,
802 1723 866 1820 qui
886 1725 1001 1826 regias
1018 1723 1124 1796 huius
1148 1727 1200 1800 rei
1216 1727 1328 1802 telles

241 1825 375 1904 litteras
389 1827 539 1930 signauit
553 1833 590 1905 in
611 1823 708 1926 Soly,
732 1825 930 1926 vesprimio
952 1827 1071 1903 versus
1083 1848 1206 1904 ortum
1226 1833 1329 1906 aelli-

171 1941 173 1946 '
247 1958 338 2008 uum
368 1957 443 2010 vno
468 1933 608 2010 milliari
632 1925 773 2028 diffito,
801 1932 858 2006 sed
883 1935 1041 2026 inlanno
1071 1937 1210 2008 variant
1237 1962 1328 2038 apo-

246 2043 403 2140 grapha,
446 2063 538 2140 quae
574 2041 705 2140 partim
739 2049 858 2127 1008.'
893 2040 1023 2137 partim
1064 2061 1178 2134 1009.
1207 2047 1326 2142 expri-

243 2163 361 2224 munt.
390 2148 447 2241 (a)
1231 2147 1235 2154 '

305 2263 310 2280 '
337 2291 391 2368 A.
421 2291 459 2370 c.
488 2311 600 2386 1009.
630 2287 749 2396 sript:
775 2316 812 2384 9.
841 2289 916 2370 nr.
944 2311 979 2388 7.
1007 2294 1043 2373 r.
1075 2315 1134 2394 ιγ.
1163 2297 1218 2371 A.‘
1281 2343 1285 2354 .

335 2463 459 2534 LXVI.
487 2455 696 2534 inexhausta
728 2463 762 2534 S.
792 2459 962 2558 Stephani
989 2454 1179 2531 liberalitas
1208 2479 1247 2534 et
1271 2465 1326 2536 iii·

196 2563 204 2572 ’
245 2563 415 2644 credibile
443 2561 607 2641 nouellae
632 2561 816 2666 religionis
844 2566 882 2638 iii
908 2565 1092 2664 Hungar'ia
1122 2559 1347 2649 firmandaei

117 2695 120 2702 ⁴
150 2741 151 2744 ,
245 2673 402 2747 studium
437 2695 574 2746 nouam
614 2663 805 2780 episcopen
839 2669 883 2742 ad
921 2647 1099 2770 fastigium
1131 2663 1345 2782 perduxit,l

245 2773 454 2876 amplisque,
482 2774 656 2850 limitibus
687 2773 966 2874 circumscripsit
1036 2770 1142 2848 Dida
1174 2771 1246 2848 fuit
1280 2803 1335 2852 ea·

245 2879 629 2984 uumqueecclesiensis
654 2905 675 2954 a
696 2883 860 2981 quinque
885 2877 1054 2974 basilicis,
1081 2901 1170 2978 quas
1196 2879 1327 2956 nudor

245 2987 488 3064 conuersionis
512 2987 763 3063 Boioariorum
786 3007 827 3060 ac
854 2987 1141 3062 Catentanoruin
1158 2979 1234 3060 illic
1263 3013 1327 3064 ex-

244 3089 360 3170 stitisse
387 3095 564 3194 perhibet.
616 3095 722 3166 Licet
745 3108 865 3165 autern
893 3091 1137 3191 easHungari
1163 3091 1327 3190 gentiles

113 3287 117 3298 ι
244 3203 461 3288 euerterint3
490 3223 534 3274 ex
561 3195 700 3272 illarum
723 3216 845 3271 tamen
860 3197 1040 3294 parietinis
1063 3191 1244 3292 templum
1266 3197 1331 3274 dt

244 3305 347 3404 quod
365 3306 417 3378 ita
443 3308 513 3379 iarn
541 3327 640 3380 nunc
663 3301 891 3378 instauratum
916 3319 1020 3398 erat,
1048 3321 1089 3374 vt
1113 3293 1188 3376 illic
1216 3301 1306 3390 sacri

246 3411 386 3507 operari
426 3432 545 3484 nouus
582 3405 768 3508 episcopus
801 3407 947 3479 interim
975 3407 1159 3506 potuerit,
1196 3403 1300 3485 done

93 3584 104 3604 N
240 3509 335 3609 aliud
366 3514 487 3616 postea
525 3512 814 3612 magnificentius
851 3532 871 3582 e
906 3509 1154 3586 fundamentis
1193 3519 1284 3589 Petr

120 3683 127 3696 .
238 3640 301 3693 teir
338 3623 520 3695 educeret
581 3621 798 3691 Litterarum
838 3639 974 3714 porra,
1020 3613 1287 3720 quibus‘limit

240 3723 464 3824 episcopatus
501 3715 1164 3823 Quinqueecclesieiisisdefiniuntur,
1211 3727 1291 3826 epil

100 3927 102 3934 ,
242 3853 309 3929 pus
338 3833 389 3906 ita
413 3829 539 3904 habet:
565 3826 702 3907 Dirum
732 3821 775 3904 X.
800 3823 876 3902 kil
900 3824 1132 3929 Septernbrir,
1159 3829 1298 3912 indidi·

167 3961 185 3984 ··
269 3950 272 3957 '
572 3961 575 3966 ’
865 3977 871 3990 ·
1228 3963 1277 4014 nt

759 4057 761 4062 ,
1011 4053 1022 4080 ,
1160 4055 1163 4060 .
